%YAML 1.1
%TAG !u! tag:unity3d.com,2011:
--- !u!1001 &100100000
Prefab:
  m_ObjectHideFlags: 1
  serializedVersion: 2
  m_Modification:
    m_TransformParent: {fileID: 0}
    m_Modifications: []
    m_RemovedComponents: []
  m_ParentPrefab: {fileID: 0}
  m_RootGameObject: {fileID: 1890957856746008}
  m_IsPrefabParent: 1
--- !u!1 &1040848958138866
GameObject:
  m_ObjectHideFlags: 0
  m_PrefabParentObject: {fileID: 0}
  m_PrefabInternal: {fileID: 100100000}
  serializedVersion: 5
  m_Component:
  - component: {fileID: 4312829729914694}
  m_Layer: 0
  m_Name: Top_6
  m_TagString: Untagged
  m_Icon: {fileID: 0}
  m_NavMeshLayer: 0
  m_StaticEditorFlags: 0
  m_IsActive: 1
--- !u!1 &1638393422962072
GameObject:
  m_ObjectHideFlags: 0
  m_PrefabParentObject: {fileID: 0}
  m_PrefabInternal: {fileID: 100100000}
  serializedVersion: 5
  m_Component:
  - component: {fileID: 4893515624025068}
  m_Layer: 0
  m_Name: Cube_8_3
  m_TagString: Untagged
  m_Icon: {fileID: 0}
  m_NavMeshLayer: 0
  m_StaticEditorFlags: 0
  m_IsActive: 1
--- !u!1 &1645507325106796
GameObject:
  m_ObjectHideFlags: 1
  m_PrefabParentObject: {fileID: 0}
  m_PrefabInternal: {fileID: 100100000}
  serializedVersion: 5
  m_Component:
  - component: {fileID: 4907942364784918}
  - component: {fileID: 33029337342226468}
  - component: {fileID: 23493809183150586}
  - component: {fileID: 95611755694400820}
  - component: {fileID: 114953246922207602}
  m_Layer: 0
  m_Name: Moon
  m_TagString: Untagged
  m_Icon: {fileID: 0}
  m_NavMeshLayer: 0
  m_StaticEditorFlags: 0
  m_IsActive: 1
--- !u!1 &1818285478869354
GameObject:
  m_ObjectHideFlags: 0
  m_PrefabParentObject: {fileID: 0}
  m_PrefabInternal: {fileID: 100100000}
  serializedVersion: 5
  m_Component:
  - component: {fileID: 4974600768254300}
  - component: {fileID: 114372780208205990}
  m_Layer: 0
  m_Name: Moon
  m_TagString: Untagged
  m_Icon: {fileID: 0}
  m_NavMeshLayer: 0
  m_StaticEditorFlags: 0
  m_IsActive: 1
--- !u!1 &1826693591959604
GameObject:
  m_ObjectHideFlags: 0
  m_PrefabParentObject: {fileID: 0}
  m_PrefabInternal: {fileID: 100100000}
  serializedVersion: 5
  m_Component:
  - component: {fileID: 4903233117852446}
  - component: {fileID: 33832667890026112}
  - component: {fileID: 23922896729243502}
  m_Layer: 0
  m_Name: Object002
  m_TagString: Untagged
  m_Icon: {fileID: 0}
  m_NavMeshLayer: 0
  m_StaticEditorFlags: 0
  m_IsActive: 1
--- !u!1 &1890957856746008
GameObject:
  m_ObjectHideFlags: 0
  m_PrefabParentObject: {fileID: 0}
  m_PrefabInternal: {fileID: 100100000}
  serializedVersion: 5
  m_Component:
  - component: {fileID: 4208681483578518}
  - component: {fileID: 95084256335332822}
  - component: {fileID: 114984189177697696}
  m_Layer: 0
  m_Name: Earth_cenematic
  m_TagString: Untagged
  m_Icon: {fileID: 0}
  m_NavMeshLayer: 0
  m_StaticEditorFlags: 0
  m_IsActive: 1
--- !u!4 &4208681483578518
Transform:
  m_ObjectHideFlags: 1
  m_PrefabParentObject: {fileID: 0}
  m_PrefabInternal: {fileID: 100100000}
  m_GameObject: {fileID: 1890957856746008}
  m_LocalRotation: {x: -0, y: -0, z: -0, w: 1}
  m_LocalPosition: {x: 0, y: 0, z: 0}
  m_LocalScale: {x: 0.5, y: 0.5, z: 0.5}
  m_Children:
  - {fileID: 4893515624025068}
  - {fileID: 4903233117852446}
  - {fileID: 4312829729914694}
  - {fileID: 4974600768254300}
  m_Father: {fileID: 0}
  m_RootOrder: 0
  m_LocalEulerAnglesHint: {x: 0, y: 0, z: 0}
--- !u!4 &4312829729914694
Transform:
  m_ObjectHideFlags: 1
  m_PrefabParentObject: {fileID: 0}
  m_PrefabInternal: {fileID: 100100000}
  m_GameObject: {fileID: 1040848958138866}
  m_LocalRotation: {x: 0.4132669, y: -0.119617306, z: 0.90266037, w: 0.010320265}
  m_LocalPosition: {x: -0.36145034, y: -2.9836016, z: 0.5538153}
  m_LocalScale: {x: 0.057973046, y: 0.057973042, z: 0.057973042}
  m_Children: []
  m_Father: {fileID: 4208681483578518}
  m_RootOrder: 2
  m_LocalEulerAnglesHint: {x: 0, y: 0, z: 0}
--- !u!4 &4893515624025068
Transform:
  m_ObjectHideFlags: 1
  m_PrefabParentObject: {fileID: 0}
  m_PrefabInternal: {fileID: 100100000}
  m_GameObject: {fileID: 1638393422962072}
  m_LocalRotation: {x: -0.0010188613, y: -0.0032966959, z: -0.2953036, w: 0.95539725}
  m_LocalPosition: {x: 1.7273203, y: 2.2075288, z: -0.681492}
  m_LocalScale: {x: 0.02898652, y: 0.02898652, z: 0.02898652}
  m_Children: []
  m_Father: {fileID: 4208681483578518}
  m_RootOrder: 0
  m_LocalEulerAnglesHint: {x: 0, y: 0, z: 0}
--- !u!4 &4903233117852446
Transform:
  m_ObjectHideFlags: 1
  m_PrefabParentObject: {fileID: 0}
  m_PrefabInternal: {fileID: 100100000}
  m_GameObject: {fileID: 1826693591959604}
  m_LocalRotation: {x: -0.0010188731, y: -0.0032966768, z: -0.29530364, w: 0.95539725}
  m_LocalPosition: {x: 1.7273203, y: 2.2075288, z: -0.681492}
  m_LocalScale: {x: 0.028986523, y: 0.028986521, z: 0.02898652}
  m_Children: []
  m_Father: {fileID: 4208681483578518}
  m_RootOrder: 1
  m_LocalEulerAnglesHint: {x: 0, y: 0, z: 0}
--- !u!4 &4907942364784918
Transform:
  m_ObjectHideFlags: 1
  m_PrefabParentObject: {fileID: 0}
  m_PrefabInternal: {fileID: 100100000}
  m_GameObject: {fileID: 1645507325106796}
  m_LocalRotation: {x: -0, y: -0, z: -0, w: 1}
  m_LocalPosition: {x: 0, y: 0, z: 0}
  m_LocalScale: {x: 0.2, y: 0.2, z: 0.2}
  m_Children: []
  m_Father: {fileID: 4974600768254300}
  m_RootOrder: 0
  m_LocalEulerAnglesHint: {x: 0, y: 0, z: 0}
--- !u!4 &4974600768254300
Transform:
  m_ObjectHideFlags: 1
  m_PrefabParentObject: {fileID: 0}
  m_PrefabInternal: {fileID: 100100000}
  m_GameObject: {fileID: 1818285478869354}
  m_LocalRotation: {x: -0, y: -0, z: -0, w: 1}
  m_LocalPosition: {x: 0, y: 0, z: 16.94}
  m_LocalScale: {x: 2, y: 2, z: 2}
  m_Children:
  - {fileID: 4907942364784918}
  m_Father: {fileID: 4208681483578518}
  m_RootOrder: 3
  m_LocalEulerAnglesHint: {x: 0, y: 0, z: 0}
--- !u!23 &23493809183150586
MeshRenderer:
  m_ObjectHideFlags: 1
  m_PrefabParentObject: {fileID: 0}
  m_PrefabInternal: {fileID: 100100000}
  m_GameObject: {fileID: 1645507325106796}
  m_Enabled: 1
  m_CastShadows: 1
  m_ReceiveShadows: 1
  m_DynamicOccludee: 1
  m_MotionVectors: 1
  m_LightProbeUsage: 1
  m_ReflectionProbeUsage: 1
  m_Materials:
  - {fileID: 2100000, guid: 08f2cc956cebc5c46bb8aefa1af01486, type: 2}
  m_StaticBatchInfo:
    firstSubMesh: 0
    subMeshCount: 0
  m_StaticBatchRoot: {fileID: 0}
  m_ProbeAnchor: {fileID: 0}
  m_LightProbeVolumeOverride: {fileID: 0}
  m_ScaleInLightmap: 1
  m_PreserveUVs: 0
  m_IgnoreNormalsForChartDetection: 0
  m_ImportantGI: 0
  m_StitchLightmapSeams: 0
  m_SelectedEditorRenderState: 3
  m_MinimumChartSize: 4
  m_AutoUVMaxDistance: 0.5
  m_AutoUVMaxAngle: 89
  m_LightmapParameters: {fileID: 0}
  m_SortingLayerID: 0
  m_SortingLayer: 0
  m_SortingOrder: 0
--- !u!23 &23922896729243502
MeshRenderer:
  m_ObjectHideFlags: 1
  m_PrefabParentObject: {fileID: 0}
  m_PrefabInternal: {fileID: 100100000}
  m_GameObject: {fileID: 1826693591959604}
  m_Enabled: 1
  m_CastShadows: 1
  m_ReceiveShadows: 1
  m_DynamicOccludee: 1
  m_MotionVectors: 1
  m_LightProbeUsage: 1
  m_ReflectionProbeUsage: 1
  m_Materials:
  - {fileID: 2100000, guid: 032253d1600a8074fbe161629717d761, type: 2}
  - {fileID: 2100000, guid: af371fd643a3eaf439fe4dc50a904955, type: 2}
  - {fileID: 2100000, guid: ed8887606bd579d40830b85782ac9824, type: 2}
  - {fileID: 2100000, guid: 2d98c3179d33219459ea3b004be38a26, type: 2}
  - {fileID: 2100000, guid: 6e85c7bfbb90ab54797e0e357e8dd479, type: 2}
  - {fileID: 2100000, guid: 9a127114a898b8b478cc32edc1c54a0b, type: 2}
  - {fileID: 2100000, guid: 841278e2745ebd84fa284574046f73a4, type: 2}
  - {fileID: 2100000, guid: f0f5076001064614f85fb96b81fb80f9, type: 2}
  - {fileID: 2100000, guid: 31c6f92dc908c6c40b1cd1ac372ee6b5, type: 2}
  - {fileID: 2100000, guid: 9debbf8bd7acb464d8e83237feff2e65, type: 2}
  - {fileID: 2100000, guid: ddfa435bcb1e3e7459f6ae85a3d065c1, type: 2}
  - {fileID: 2100000, guid: 5446041d5a7cfcb4c86e90b7440457be, type: 2}
  - {fileID: 2100000, guid: 41e3c58d481c1954591a324854aadebc, type: 2}
  - {fileID: 2100000, guid: 2ca02e64723579e4cbd424535cc5540a, type: 2}
  - {fileID: 2100000, guid: bcf9871008ba350428420570abc1d106, type: 2}
  - {fileID: 2100000, guid: 1305820fe1d354242a784491fac601c2, type: 2}
  - {fileID: 2100000, guid: 196e0744c40992b44b73a925594dc856, type: 2}
  - {fileID: 2100000, guid: 014eb903733a5fd42aea119590c767c0, type: 2}
  - {fileID: 2100000, guid: ee138a44b531266438751c4933037acf, type: 2}
  - {fileID: 2100000, guid: 355965704d709264db717f24cc4448f0, type: 2}
  - {fileID: 2100000, guid: ccfccde0b106bfc4abdadeb5e382a409, type: 2}
  - {fileID: 2100000, guid: 69525e75b2b24384287356d35d5c7f99, type: 2}
  - {fileID: 2100000, guid: f52e7b81020e0514b9ce0f52f5a72cba, type: 2}
  - {fileID: 2100000, guid: 0a9a31ff7c8cbd94ea5556376ba90c78, type: 2}
  - {fileID: 2100000, guid: 775bb4a6837b64b488bec09a3e9f1511, type: 2}
  - {fileID: 2100000, guid: 27be419aea5bf5c4783ac860edadf3dc, type: 2}
  - {fileID: 2100000, guid: 3292b054b70a44a41a7870fccad02401, type: 2}
  - {fileID: 2100000, guid: c40cb3418b552474cbf5091093ad1e81, type: 2}
  - {fileID: 2100000, guid: 38043d3ba807a96448f7dab25d5bf054, type: 2}
  - {fileID: 2100000, guid: 02b4630d977bb5845b1c36f64cf28396, type: 2}
  - {fileID: 2100000, guid: 052a4fdf6a7de9647a857eebe168f0c0, type: 2}
  - {fileID: 2100000, guid: d4d3d4fffd60fc14da67c272e7de6b1c, type: 2}
  - {fileID: 2100000, guid: 060658f7a2350c34c8b098a26bfba0de, type: 2}
  - {fileID: 2100000, guid: 096e158a8438b804dafe90734f27d00c, type: 2}
  - {fileID: 2100000, guid: 66bf6405a0444bf4d8ed2149943e5de1, type: 2}
  - {fileID: 2100000, guid: 33628e604623d1241b16364a605556b6, type: 2}
  - {fileID: 2100000, guid: df7f7f70ed2287541a002a3780ca1ea0, type: 2}
  - {fileID: 2100000, guid: a7c09ee734d088d4b90c86594bafe276, type: 2}
  - {fileID: 2100000, guid: 6abc1cc0ca40f544ebcf89b350b5ca0d, type: 2}
  - {fileID: 2100000, guid: 226df662f92427444a3e47122b0f8a51, type: 2}
  - {fileID: 2100000, guid: 0158272ed99d9344eac610adbeeb56c9, type: 2}
  - {fileID: 2100000, guid: c596434f608f8d34fa0795e72f9471c9, type: 2}
  - {fileID: 2100000, guid: 9c85f428e47e74a4980d7e86602f10d2, type: 2}
  - {fileID: 2100000, guid: 7a1843c8c9380dc44b7bf1399e4fd54f, type: 2}
  - {fileID: 2100000, guid: 3744f2ebee8b6414f9e4bdbd1bb65125, type: 2}
  - {fileID: 2100000, guid: d1c9508b872751844a01078de709a1c1, type: 2}
  - {fileID: 2100000, guid: c6b8a55d2135d0f4f88a903f8878f826, type: 2}
  - {fileID: 2100000, guid: 7134bedae5a19bd40b73d0bde3ef4985, type: 2}
  - {fileID: 2100000, guid: 6e288b828d15e5f4ab5ce9ea3ecc2b84, type: 2}
  - {fileID: 2100000, guid: add1a640d33697842acbd527f39f502d, type: 2}
  - {fileID: 2100000, guid: 28fe34cb7931f314cbe314487572733a, type: 2}
  - {fileID: 2100000, guid: 7badc8d9bd2459a4e88b44b2121433a4, type: 2}
  - {fileID: 2100000, guid: 086a48655a63ab24bb73f03e5f8fc817, type: 2}
  - {fileID: 2100000, guid: f0f26afb59bd9614c9cd573e8b37c951, type: 2}
  - {fileID: 2100000, guid: 567dc3f02485a2844975c422154f26a8, type: 2}
  - {fileID: 2100000, guid: 41a8a471beb256242bc96a87492cc2ae, type: 2}
  - {fileID: 2100000, guid: adec252356781cb4e827a7a8f13e27c6, type: 2}
  - {fileID: 2100000, guid: 7bb450c3d1b94b2499dbdb600e6ffc79, type: 2}
  - {fileID: 2100000, guid: df7f7f70ed2287541a002a3780ca1ea0, type: 2}
  - {fileID: 2100000, guid: 1e4624af83687f54bbe4d3c365f1608c, type: 2}
  - {fileID: 2100000, guid: 71687bfb6a4cf104caa0836c11df1c0e, type: 2}
  - {fileID: 2100000, guid: 653805335a9da46468a5208e324fab76, type: 2}
  - {fileID: 2100000, guid: 13c81ec7176d11245a44e2984c16e670, type: 2}
  - {fileID: 2100000, guid: 172f9cc3f22345246924e96aec94d269, type: 2}
  - {fileID: 2100000, guid: 89b03bc691f2286498e4642df15576d2, type: 2}
  - {fileID: 2100000, guid: 1cbd1492f958e3c4b8ce5159c01d3e46, type: 2}
  - {fileID: 2100000, guid: 0da1e6c89725fc646b7fb704b3c653c0, type: 2}
  - {fileID: 2100000, guid: 66d0989872b9b19408241a92fb6ef0a7, type: 2}
  - {fileID: 2100000, guid: 953ec508e14a09d47b7cbc521cbf421e, type: 2}
  - {fileID: 2100000, guid: c79609ffdb70eac4985217df0db566b6, type: 2}
  - {fileID: 2100000, guid: 08e062971a39c8247a97817ed0b4886a, type: 2}
  - {fileID: 2100000, guid: a7c09ee734d088d4b90c86594bafe276, type: 2}
  - {fileID: 2100000, guid: 3c0bf62b8e70cbf4bbcac017f3990c2f, type: 2}
  - {fileID: 2100000, guid: a98ddea012f0681469037f40760b0185, type: 2}
  - {fileID: 2100000, guid: 98179907786b58446854a5c2f8db6664, type: 2}
  - {fileID: 2100000, guid: ccfb58abb6a309b4a9d7526b28e7c33d, type: 2}
  - {fileID: 2100000, guid: 3b54980d241f03c4893a8fcfbfec1209, type: 2}
  - {fileID: 2100000, guid: 4bf7be1e18536ac4a87567c6fe9a71b2, type: 2}
  - {fileID: 2100000, guid: ca1af58b902fbcb4baf618952e51f7c6, type: 2}
  - {fileID: 2100000, guid: d0bed32cec61e6e4fa0006254a28613a, type: 2}
  - {fileID: 2100000, guid: d20aa6244a19fe446b48771f34d2fab4, type: 2}
  - {fileID: 2100000, guid: 1fa2b23d838f5bd429cb31d2b8fcd44d, type: 2}
  - {fileID: 2100000, guid: 05073a58de1331948a2c986b5266922a, type: 2}
  - {fileID: 2100000, guid: a57eff0e84523484096f441ed8e358eb, type: 2}
  - {fileID: 2100000, guid: 10b041feef085584481507056860e2fa, type: 2}
  - {fileID: 2100000, guid: 456ca98b8094d244aad3026e60e9e5c1, type: 2}
  - {fileID: 2100000, guid: 2c073ef3111924c4e8b1401523d52cc7, type: 2}
  - {fileID: 2100000, guid: 03e863be9eae8534c89ecff4013e9531, type: 2}
  - {fileID: 2100000, guid: 90b68ce2b9a6c80418f103f4d026c868, type: 2}
  - {fileID: 2100000, guid: 8a48b71daea2c8a4894f4cf5932d0ea2, type: 2}
  - {fileID: 2100000, guid: 7093e49054c24c948ac103db5d1dc41b, type: 2}
  - {fileID: 2100000, guid: 876d2cbf361adc24ebcafa55b050e852, type: 2}
  - {fileID: 2100000, guid: 878d8fe5565c5b64ebaf1bc2e838add7, type: 2}
  - {fileID: 2100000, guid: 7121f49913d4a074ca12535185af53af, type: 2}
  - {fileID: 2100000, guid: bafc3ff1e5334444999bd92a95c4d5f1, type: 2}
  - {fileID: 2100000, guid: 3540b7ecce4d52d438d8f689bb31ffcf, type: 2}
  - {fileID: 2100000, guid: 74d995adf94ce0449986a51d9905c374, type: 2}
  - {fileID: 2100000, guid: ba4756ef953fd67448e17193a129c235, type: 2}
  - {fileID: 2100000, guid: 39983bdda0a65e3458ec5aa57b0abf60, type: 2}
  - {fileID: 2100000, guid: 830482933b78ab3408af0fdd24c0bf4c, type: 2}
  - {fileID: 2100000, guid: bc78badbc3cf7f545aeb28530186303b, type: 2}
  - {fileID: 2100000, guid: 0053638db76945e42b3e66948596efc3, type: 2}
  - {fileID: 2100000, guid: ebe56005ba178d445806fd85b9416d23, type: 2}
  - {fileID: 2100000, guid: 5d1005dd00bc1814abcb1376493a47dc, type: 2}
  - {fileID: 2100000, guid: 1923e8e10811acb49a3c0d1b375ba5b7, type: 2}
  - {fileID: 2100000, guid: 70d03f9f31243124a9b2eb9ac034a5cf, type: 2}
  - {fileID: 2100000, guid: b0c5fb63ecc751a48b3338e9227bd790, type: 2}
  - {fileID: 2100000, guid: 41451ac30982e064895d8eadc8cf7370, type: 2}
  - {fileID: 2100000, guid: fcdb08cb3a2f3924e82763c07209d84c, type: 2}
  - {fileID: 2100000, guid: 181138d55f577c8408b346d2f2e744e8, type: 2}
  - {fileID: 2100000, guid: 54f9b063b162a7d469a486c5f5351b60, type: 2}
  - {fileID: 2100000, guid: 94b789c965c8db6419b4c0532fe310fe, type: 2}
  - {fileID: 2100000, guid: 3172b38317ace10438520640a2dbe926, type: 2}
  - {fileID: 2100000, guid: de4dd94e0da233745afbe2e38b39875f, type: 2}
  - {fileID: 2100000, guid: e14352f69c4cec94ca5f2b023efcd83d, type: 2}
  - {fileID: 2100000, guid: 567080458dea19a4689e61c6e85dd178, type: 2}
  - {fileID: 2100000, guid: 5297b693d5d1f7f4888d47c9ca49fc77, type: 2}
  - {fileID: 2100000, guid: d5822f304a4d40f4db85357cb599bebe, type: 2}
  - {fileID: 2100000, guid: ac0302d624ba3e546afa8bc74ec8f3ae, type: 2}
  - {fileID: 2100000, guid: 252551f8cbfa3ad49bc6d9403cfceb16, type: 2}
  - {fileID: 2100000, guid: 3799eab75b9f3d54c9d7831a47182784, type: 2}
  - {fileID: 2100000, guid: 4713e961a6b3c914aacb0baba67cfa65, type: 2}
  - {fileID: 2100000, guid: a4bf7abd6054c5e4485e81bbf1a80f51, type: 2}
  - {fileID: 2100000, guid: 128d0293fbcda5a43bf2f022bfb570e4, type: 2}
  - {fileID: 2100000, guid: 1aba9debba454bb419d2421cea04277f, type: 2}
  - {fileID: 2100000, guid: 5ad2c20c5d97acb4bb8bf32074747323, type: 2}
  - {fileID: 2100000, guid: a2e5e7e2a69709848a413792bfe8eda3, type: 2}
  - {fileID: 2100000, guid: bff4b7c193d2acc40aa46ad44e91d034, type: 2}
  - {fileID: 2100000, guid: 6862a857364f2ee44847b2c253f7bb24, type: 2}
  - {fileID: 2100000, guid: 1991051bc9f43e94e8012e098793376e, type: 2}
  - {fileID: 2100000, guid: b80ee6cbe978d7e48868364d1c49dde7, type: 2}
  - {fileID: 2100000, guid: dda082e8d75f6f14f89293d039ce8636, type: 2}
  - {fileID: 2100000, guid: cb284e95c5a836f449463f183c7ec1b8, type: 2}
  - {fileID: 2100000, guid: 16cd0f381b5851c459c418e9165b7ae0, type: 2}
  - {fileID: 2100000, guid: 6305193f2e2d8bb4ba89715d9b222ee7, type: 2}
  - {fileID: 2100000, guid: 5d114c7a3178dc4499ca2a629580bcc3, type: 2}
  - {fileID: 2100000, guid: d88507aec02c91d4486de4ad9f7ba6e4, type: 2}
  - {fileID: 2100000, guid: 6702bfdd729bf124491b056c5fd14fd2, type: 2}
  - {fileID: 2100000, guid: 50e891750dfac6842bbb5836dd91c763, type: 2}
  - {fileID: 2100000, guid: 1e3039bbd1e660a4c8ee799858fe7cdb, type: 2}
  - {fileID: 2100000, guid: 67ccf9ee2935996449ef57f40c2a77ec, type: 2}
  - {fileID: 2100000, guid: d2ab49982fe9bd24e8be207f2712b2ca, type: 2}
  - {fileID: 2100000, guid: b63ae12a543a2234c9166b3981825a2e, type: 2}
  - {fileID: 2100000, guid: 1427127a37cabe943990f8c9406dfa6c, type: 2}
  - {fileID: 2100000, guid: b0a09e1484dcb164d8150cab9be12710, type: 2}
  m_StaticBatchInfo:
    firstSubMesh: 0
    subMeshCount: 0
  m_StaticBatchRoot: {fileID: 0}
  m_ProbeAnchor: {fileID: 0}
  m_LightProbeVolumeOverride: {fileID: 0}
  m_ScaleInLightmap: 1
  m_PreserveUVs: 0
  m_IgnoreNormalsForChartDetection: 0
  m_ImportantGI: 0
  m_StitchLightmapSeams: 0
  m_SelectedEditorRenderState: 3
  m_MinimumChartSize: 4
  m_AutoUVMaxDistance: 0.5
  m_AutoUVMaxAngle: 89
  m_LightmapParameters: {fileID: 0}
  m_SortingLayerID: 0
  m_SortingLayer: 0
  m_SortingOrder: 0
--- !u!33 &33029337342226468
MeshFilter:
  m_ObjectHideFlags: 1
  m_PrefabParentObject: {fileID: 0}
  m_PrefabInternal: {fileID: 100100000}
  m_GameObject: {fileID: 1645507325106796}
  m_Mesh: {fileID: 4300000, guid: 364c106696915204abf7b03357a7e7ca, type: 3}
--- !u!33 &33832667890026112
MeshFilter:
  m_ObjectHideFlags: 1
  m_PrefabParentObject: {fileID: 0}
  m_PrefabInternal: {fileID: 100100000}
  m_GameObject: {fileID: 1826693591959604}
  m_Mesh: {fileID: 4300002, guid: 158cf8d52c791374aaf59e824f9ebd7c, type: 3}
--- !u!95 &95084256335332822
Animator:
  serializedVersion: 3
  m_ObjectHideFlags: 1
  m_PrefabParentObject: {fileID: 0}
  m_PrefabInternal: {fileID: 100100000}
  m_GameObject: {fileID: 1890957856746008}
  m_Enabled: 1
  m_Avatar: {fileID: 9000000, guid: 158cf8d52c791374aaf59e824f9ebd7c, type: 3}
  m_Controller: {fileID: 0}
  m_CullingMode: 0
  m_UpdateMode: 0
  m_ApplyRootMotion: 0
  m_LinearVelocityBlending: 0
  m_WarningMessage: 
  m_HasTransformHierarchy: 1
  m_AllowConstantClipSamplingOptimization: 1
--- !u!95 &95611755694400820
Animator:
  serializedVersion: 3
  m_ObjectHideFlags: 1
  m_PrefabParentObject: {fileID: 0}
  m_PrefabInternal: {fileID: 100100000}
  m_GameObject: {fileID: 1645507325106796}
  m_Enabled: 1
  m_Avatar: {fileID: 9000000, guid: 364c106696915204abf7b03357a7e7ca, type: 3}
  m_Controller: {fileID: 0}
  m_CullingMode: 0
  m_UpdateMode: 0
  m_ApplyRootMotion: 0
  m_LinearVelocityBlending: 0
  m_WarningMessage: 
  m_HasTransformHierarchy: 1
  m_AllowConstantClipSamplingOptimization: 1
--- !u!114 &114372780208205990
MonoBehaviour:
  m_ObjectHideFlags: 1
  m_PrefabParentObject: {fileID: 0}
  m_PrefabInternal: {fileID: 100100000}
  m_GameObject: {fileID: 1818285478869354}
  m_Enabled: 1
  m_EditorHideFlags: 0
  m_Script: {fileID: 11500000, guid: f44554d8276d9bc438a78cedad7f2d75, type: 3}
  m_Name: 
  m_EditorClassIdentifier: 
  wanderEnabled: 1
  aiType: 2
  centerPos: {x: 0, y: 0, z: 0}
  wanderingRange: 5
  speed: 0.1
  moveSpeed: 0.1
  rotateSpeed: 1
  model: {fileID: 4907942364784918}
  angleError: 0
  wanderThinkInterval: 1
  wanderAppearChance: 1
  wanderDuration: 1
  debugVisible: 1
--- !u!114 &114953246922207602
MonoBehaviour:
  m_ObjectHideFlags: 1
  m_PrefabParentObject: {fileID: 0}
  m_PrefabInternal: {fileID: 100100000}
  m_GameObject: {fileID: 1645507325106796}
  m_Enabled: 1
  m_EditorHideFlags: 0
  m_Script: {fileID: 11500000, guid: 87c5945b3d75de74988c5bcd56a69b21, type: 3}
  m_Name: 
  m_EditorClassIdentifier: 
  speed: 0.1
--- !u!114 &114984189177697696
MonoBehaviour:
  m_ObjectHideFlags: 1
  m_PrefabParentObject: {fileID: 0}
  m_PrefabInternal: {fileID: 100100000}
  m_GameObject: {fileID: 1890957856746008}
  m_Enabled: 1
  m_EditorHideFlags: 0
  m_Script: {fileID: 11500000, guid: 87c5945b3d75de74988c5bcd56a69b21, type: 3}
  m_Name: 
  m_EditorClassIdentifier: 
  speed: 10
