%YAML 1.1
%TAG !u! tag:unity3d.com,2011:
--- !u!1001 &100100000
Prefab:
  m_ObjectHideFlags: 1
  serializedVersion: 2
  m_Modification:
    m_TransformParent: {fileID: 0}
    m_Modifications: []
    m_RemovedComponents: []
  m_ParentPrefab: {fileID: 0}
  m_RootGameObject: {fileID: 1140309452846364}
  m_IsPrefabParent: 1
--- !u!1 &1019060977492348
GameObject:
  m_ObjectHideFlags: 1
  m_PrefabParentObject: {fileID: 0}
  m_PrefabInternal: {fileID: 100100000}
  serializedVersion: 5
  m_Component:
  - component: {fileID: 4725032877951970}
  m_Layer: 0
  m_Name: Bip001 L Finger1Nub
  m_TagString: Untagged
  m_Icon: {fileID: 0}
  m_NavMeshLayer: 0
  m_StaticEditorFlags: 0
  m_IsActive: 1
--- !u!1 &1023123481295680
GameObject:
  m_ObjectHideFlags: 1
  m_PrefabParentObject: {fileID: 0}
  m_PrefabInternal: {fileID: 100100000}
  serializedVersion: 5
  m_Component:
  - component: {fileID: 4264969957231680}
  m_Layer: 0
  m_Name: Bip001 Neck
  m_TagString: Untagged
  m_Icon: {fileID: 0}
  m_NavMeshLayer: 0
  m_StaticEditorFlags: 0
  m_IsActive: 1
--- !u!1 &1023829879779108
GameObject:
  m_ObjectHideFlags: 1
  m_PrefabParentObject: {fileID: 0}
  m_PrefabInternal: {fileID: 100100000}
  serializedVersion: 5
  m_Component:
  - component: {fileID: 4269249991422208}
  m_Layer: 0
  m_Name: Bip001 HeadNub
  m_TagString: Untagged
  m_Icon: {fileID: 0}
  m_NavMeshLayer: 0
  m_StaticEditorFlags: 0
  m_IsActive: 1
--- !u!1 &1029193994001384
GameObject:
  m_ObjectHideFlags: 1
  m_PrefabParentObject: {fileID: 0}
  m_PrefabInternal: {fileID: 100100000}
  serializedVersion: 5
  m_Component:
  - component: {fileID: 4322867820696192}
  - component: {fileID: 33597120252612582}
  - component: {fileID: 23364265733998154}
  m_Layer: 0
  m_Name: Object002
  m_TagString: Untagged
  m_Icon: {fileID: 0}
  m_NavMeshLayer: 0
  m_StaticEditorFlags: 0
  m_IsActive: 1
--- !u!1 &1097037611283578
GameObject:
  m_ObjectHideFlags: 0
  m_PrefabParentObject: {fileID: 0}
  m_PrefabInternal: {fileID: 100100000}
  serializedVersion: 5
  m_Component:
  - component: {fileID: 4263387890715654}
  - component: {fileID: 33135857598581020}
  - component: {fileID: 65247324692720810}
  - component: {fileID: 114878075478474352}
  - component: {fileID: 54778469128630628}
  m_Layer: 0
  m_Name: SpaceTrigger
  m_TagString: Untagged
  m_Icon: {fileID: 0}
  m_NavMeshLayer: 0
  m_StaticEditorFlags: 0
  m_IsActive: 1
--- !u!1 &1103142623388038
GameObject:
  m_ObjectHideFlags: 1
  m_PrefabParentObject: {fileID: 0}
  m_PrefabInternal: {fileID: 100100000}
  serializedVersion: 5
  m_Component:
  - component: {fileID: 4488960713663960}
  m_Layer: 0
  m_Name: Bip001 R Forearm
  m_TagString: Untagged
  m_Icon: {fileID: 0}
  m_NavMeshLayer: 0
  m_StaticEditorFlags: 0
  m_IsActive: 1
--- !u!1 &1140309452846364
GameObject:
  m_ObjectHideFlags: 0
  m_PrefabParentObject: {fileID: 0}
  m_PrefabInternal: {fileID: 100100000}
  serializedVersion: 5
  m_Component:
  - component: {fileID: 4724536538799640}
  m_Layer: 0
  m_Name: Space
  m_TagString: Untagged
  m_Icon: {fileID: 0}
  m_NavMeshLayer: 0
  m_StaticEditorFlags: 0
  m_IsActive: 1
--- !u!1 &1166285254592784
GameObject:
  m_ObjectHideFlags: 1
  m_PrefabParentObject: {fileID: 0}
  m_PrefabInternal: {fileID: 100100000}
  serializedVersion: 5
  m_Component:
  - component: {fileID: 4603996037111496}
  m_Layer: 0
  m_Name: Cube_8_3
  m_TagString: Untagged
  m_Icon: {fileID: 0}
  m_NavMeshLayer: 0
  m_StaticEditorFlags: 0
  m_IsActive: 1
--- !u!1 &1200797026601670
GameObject:
  m_ObjectHideFlags: 1
  m_PrefabParentObject: {fileID: 0}
  m_PrefabInternal: {fileID: 100100000}
  serializedVersion: 5
  m_Component:
  - component: {fileID: 4868703413597272}
  - component: {fileID: 33838722607124272}
  - component: {fileID: 23720340613511102}
  - component: {fileID: 95499219682098744}
  - component: {fileID: 114435604104361576}
  m_Layer: 0
  m_Name: Moon
  m_TagString: Untagged
  m_Icon: {fileID: 0}
  m_NavMeshLayer: 0
  m_StaticEditorFlags: 0
  m_IsActive: 1
--- !u!1 &1286118204828520
GameObject:
  m_ObjectHideFlags: 1
  m_PrefabParentObject: {fileID: 0}
  m_PrefabInternal: {fileID: 100100000}
  serializedVersion: 5
  m_Component:
  - component: {fileID: 4249053495702314}
  m_Layer: 0
  m_Name: Bip001 L Toe0
  m_TagString: Untagged
  m_Icon: {fileID: 0}
  m_NavMeshLayer: 0
  m_StaticEditorFlags: 0
  m_IsActive: 1
--- !u!1 &1298114891035886
GameObject:
  m_ObjectHideFlags: 1
  m_PrefabParentObject: {fileID: 0}
  m_PrefabInternal: {fileID: 100100000}
  serializedVersion: 5
  m_Component:
  - component: {fileID: 4616289012670738}
  m_Layer: 0
  m_Name: Bip001 R UpperArm
  m_TagString: Untagged
  m_Icon: {fileID: 0}
  m_NavMeshLayer: 0
  m_StaticEditorFlags: 0
  m_IsActive: 1
--- !u!1 &1302032534355092
GameObject:
  m_ObjectHideFlags: 1
  m_PrefabParentObject: {fileID: 0}
  m_PrefabInternal: {fileID: 100100000}
  serializedVersion: 5
  m_Component:
  - component: {fileID: 4189537476823620}
  m_Layer: 0
  m_Name: Bip001 Head
  m_TagString: Untagged
  m_Icon: {fileID: 0}
  m_NavMeshLayer: 0
  m_StaticEditorFlags: 0
  m_IsActive: 1
--- !u!1 &1377289738891208
GameObject:
  m_ObjectHideFlags: 1
  m_PrefabParentObject: {fileID: 0}
  m_PrefabInternal: {fileID: 100100000}
  serializedVersion: 5
  m_Component:
  - component: {fileID: 4502085971025950}
  m_Layer: 0
  m_Name: Top_6
  m_TagString: Untagged
  m_Icon: {fileID: 0}
  m_NavMeshLayer: 0
  m_StaticEditorFlags: 0
  m_IsActive: 1
--- !u!1 &1394089025113996
GameObject:
  m_ObjectHideFlags: 0
  m_PrefabParentObject: {fileID: 0}
  m_PrefabInternal: {fileID: 100100000}
  serializedVersion: 5
  m_Component:
  - component: {fileID: 4733921855319602}
  - component: {fileID: 95878837612505316}
  - component: {fileID: 114628696406049938}
  m_Layer: 0
  m_Name: Earth_cenematic
  m_TagString: Untagged
  m_Icon: {fileID: 0}
  m_NavMeshLayer: 0
  m_StaticEditorFlags: 0
  m_IsActive: 1
--- !u!1 &1445329884151058
GameObject:
  m_ObjectHideFlags: 1
  m_PrefabParentObject: {fileID: 0}
  m_PrefabInternal: {fileID: 100100000}
  serializedVersion: 5
  m_Component:
  - component: {fileID: 4581772687228412}
  m_Layer: 0
  m_Name: Bip001 R Calf
  m_TagString: Untagged
  m_Icon: {fileID: 0}
  m_NavMeshLayer: 0
  m_StaticEditorFlags: 0
  m_IsActive: 1
--- !u!1 &1448924334061748
GameObject:
  m_ObjectHideFlags: 1
  m_PrefabParentObject: {fileID: 0}
  m_PrefabInternal: {fileID: 100100000}
  serializedVersion: 5
  m_Component:
  - component: {fileID: 4495722409069448}
  m_Layer: 0
  m_Name: Bip001 Pelvis
  m_TagString: Untagged
  m_Icon: {fileID: 0}
  m_NavMeshLayer: 0
  m_StaticEditorFlags: 0
  m_IsActive: 1
--- !u!1 &1496015564336562
GameObject:
  m_ObjectHideFlags: 1
  m_PrefabParentObject: {fileID: 0}
  m_PrefabInternal: {fileID: 100100000}
  serializedVersion: 5
  m_Component:
  - component: {fileID: 4538621164996804}
  m_Layer: 0
  m_Name: Bip001 L Forearm
  m_TagString: Untagged
  m_Icon: {fileID: 0}
  m_NavMeshLayer: 0
  m_StaticEditorFlags: 0
  m_IsActive: 1
--- !u!1 &1509801945268430
GameObject:
  m_ObjectHideFlags: 1
  m_PrefabParentObject: {fileID: 0}
  m_PrefabInternal: {fileID: 100100000}
  serializedVersion: 5
  m_Component:
  - component: {fileID: 4411243278527306}
  m_Layer: 0
  m_Name: Bip001 Footsteps
  m_TagString: Untagged
  m_Icon: {fileID: 0}
  m_NavMeshLayer: 0
  m_StaticEditorFlags: 0
  m_IsActive: 1
--- !u!1 &1516230227042118
GameObject:
  m_ObjectHideFlags: 1
  m_PrefabParentObject: {fileID: 0}
  m_PrefabInternal: {fileID: 100100000}
  serializedVersion: 5
  m_Component:
  - component: {fileID: 4660918596716124}
  m_Layer: 0
  m_Name: Bip001 L Calf
  m_TagString: Untagged
  m_Icon: {fileID: 0}
  m_NavMeshLayer: 0
  m_StaticEditorFlags: 0
  m_IsActive: 1
--- !u!1 &1531916421588028
GameObject:
  m_ObjectHideFlags: 1
  m_PrefabParentObject: {fileID: 0}
  m_PrefabInternal: {fileID: 100100000}
  serializedVersion: 5
  m_Component:
  - component: {fileID: 4026435067270948}
  m_Layer: 0
  m_Name: Bip001 L Finger0
  m_TagString: Untagged
  m_Icon: {fileID: 0}
  m_NavMeshLayer: 0
  m_StaticEditorFlags: 0
  m_IsActive: 1
--- !u!1 &1567860639381768
GameObject:
  m_ObjectHideFlags: 1
  m_PrefabParentObject: {fileID: 0}
  m_PrefabInternal: {fileID: 100100000}
  serializedVersion: 5
  m_Component:
  - component: {fileID: 4074740104317496}
  m_Layer: 0
  m_Name: Bip001 L Toe0Nub
  m_TagString: Untagged
  m_Icon: {fileID: 0}
  m_NavMeshLayer: 0
  m_StaticEditorFlags: 0
  m_IsActive: 1
--- !u!1 &1579294496327136
GameObject:
  m_ObjectHideFlags: 1
  m_PrefabParentObject: {fileID: 0}
  m_PrefabInternal: {fileID: 100100000}
  serializedVersion: 5
  m_Component:
  - component: {fileID: 4813837919249720}
  m_Layer: 0
  m_Name: Bip001 L Finger0Nub
  m_TagString: Untagged
  m_Icon: {fileID: 0}
  m_NavMeshLayer: 0
  m_StaticEditorFlags: 0
  m_IsActive: 1
--- !u!1 &1587737062643744
GameObject:
  m_ObjectHideFlags: 1
  m_PrefabParentObject: {fileID: 0}
  m_PrefabInternal: {fileID: 100100000}
  serializedVersion: 5
  m_Component:
  - component: {fileID: 4180779089773022}
  m_Layer: 0
  m_Name: Bip001 L Finger1
  m_TagString: Untagged
  m_Icon: {fileID: 0}
  m_NavMeshLayer: 0
  m_StaticEditorFlags: 0
  m_IsActive: 1
--- !u!1 &1645180984107482
GameObject:
  m_ObjectHideFlags: 1
  m_PrefabParentObject: {fileID: 0}
  m_PrefabInternal: {fileID: 100100000}
  serializedVersion: 5
  m_Component:
  - component: {fileID: 4568212647631922}
  m_Layer: 0
  m_Name: Bip001 R Finger1Nub
  m_TagString: Untagged
  m_Icon: {fileID: 0}
  m_NavMeshLayer: 0
  m_StaticEditorFlags: 0
  m_IsActive: 1
--- !u!1 &1666423740821928
GameObject:
  m_ObjectHideFlags: 1
  m_PrefabParentObject: {fileID: 0}
  m_PrefabInternal: {fileID: 100100000}
  serializedVersion: 5
  m_Component:
  - component: {fileID: 4613943431781380}
  m_Layer: 0
  m_Name: Bip001 L Clavicle
  m_TagString: Untagged
  m_Icon: {fileID: 0}
  m_NavMeshLayer: 0
  m_StaticEditorFlags: 0
  m_IsActive: 1
--- !u!1 &1679923799713342
GameObject:
  m_ObjectHideFlags: 1
  m_PrefabParentObject: {fileID: 0}
  m_PrefabInternal: {fileID: 100100000}
  serializedVersion: 5
  m_Component:
  - component: {fileID: 4361070033636290}
  - component: {fileID: 137118158062124438}
  m_Layer: 0
  m_Name: "\u0410stronaut"
  m_TagString: Untagged
  m_Icon: {fileID: 0}
  m_NavMeshLayer: 0
  m_StaticEditorFlags: 0
  m_IsActive: 1
--- !u!1 &1707424216087952
GameObject:
  m_ObjectHideFlags: 1
  m_PrefabParentObject: {fileID: 0}
  m_PrefabInternal: {fileID: 100100000}
  serializedVersion: 5
  m_Component:
  - component: {fileID: 4038246219402944}
  m_Layer: 0
  m_Name: Bip001 R Finger0Nub
  m_TagString: Untagged
  m_Icon: {fileID: 0}
  m_NavMeshLayer: 0
  m_StaticEditorFlags: 0
  m_IsActive: 1
--- !u!1 &1724171659236340
GameObject:
  m_ObjectHideFlags: 1
  m_PrefabParentObject: {fileID: 0}
  m_PrefabInternal: {fileID: 100100000}
  serializedVersion: 5
  m_Component:
  - component: {fileID: 4887875240612118}
  m_Layer: 0
  m_Name: Bip001
  m_TagString: Untagged
  m_Icon: {fileID: 0}
  m_NavMeshLayer: 0
  m_StaticEditorFlags: 0
  m_IsActive: 1
--- !u!1 &1727400280228504
GameObject:
  m_ObjectHideFlags: 1
  m_PrefabParentObject: {fileID: 0}
  m_PrefabInternal: {fileID: 100100000}
  serializedVersion: 5
  m_Component:
  - component: {fileID: 4706161367179196}
  m_Layer: 0
  m_Name: Bip001 R Hand
  m_TagString: Untagged
  m_Icon: {fileID: 0}
  m_NavMeshLayer: 0
  m_StaticEditorFlags: 0
  m_IsActive: 1
--- !u!1 &1744733110477030
GameObject:
  m_ObjectHideFlags: 1
  m_PrefabParentObject: {fileID: 0}
  m_PrefabInternal: {fileID: 100100000}
  serializedVersion: 5
  m_Component:
  - component: {fileID: 4016159100782334}
  m_Layer: 0
  m_Name: Bip001 L Hand
  m_TagString: Untagged
  m_Icon: {fileID: 0}
  m_NavMeshLayer: 0
  m_StaticEditorFlags: 0
  m_IsActive: 1
--- !u!1 &1752683837801492
GameObject:
  m_ObjectHideFlags: 1
  m_PrefabParentObject: {fileID: 0}
  m_PrefabInternal: {fileID: 100100000}
  serializedVersion: 5
  m_Component:
  - component: {fileID: 4726151140125666}
  m_Layer: 0
  m_Name: Bip001 R Finger0
  m_TagString: Untagged
  m_Icon: {fileID: 0}
  m_NavMeshLayer: 0
  m_StaticEditorFlags: 0
  m_IsActive: 1
--- !u!1 &1774958726255434
GameObject:
  m_ObjectHideFlags: 1
  m_PrefabParentObject: {fileID: 0}
  m_PrefabInternal: {fileID: 100100000}
  serializedVersion: 5
  m_Component:
  - component: {fileID: 4860280194966794}
  - component: {fileID: 114039873896941350}
  m_Layer: 0
  m_Name: Moon
  m_TagString: Untagged
  m_Icon: {fileID: 0}
  m_NavMeshLayer: 0
  m_StaticEditorFlags: 0
  m_IsActive: 1
--- !u!1 &1800749686495406
GameObject:
  m_ObjectHideFlags: 1
  m_PrefabParentObject: {fileID: 0}
  m_PrefabInternal: {fileID: 100100000}
  serializedVersion: 5
  m_Component:
  - component: {fileID: 4881989814151686}
  m_Layer: 0
  m_Name: Bip001 R Toe0
  m_TagString: Untagged
  m_Icon: {fileID: 0}
  m_NavMeshLayer: 0
  m_StaticEditorFlags: 0
  m_IsActive: 1
--- !u!1 &1801202461168566
GameObject:
  m_ObjectHideFlags: 1
  m_PrefabParentObject: {fileID: 0}
  m_PrefabInternal: {fileID: 100100000}
  serializedVersion: 5
  m_Component:
  - component: {fileID: 4631666751468378}
  m_Layer: 0
  m_Name: Bip001 Spine1
  m_TagString: Untagged
  m_Icon: {fileID: 0}
  m_NavMeshLayer: 0
  m_StaticEditorFlags: 0
  m_IsActive: 1
--- !u!1 &1804306567061166
GameObject:
  m_ObjectHideFlags: 1
  m_PrefabParentObject: {fileID: 0}
  m_PrefabInternal: {fileID: 100100000}
  serializedVersion: 5
  m_Component:
  - component: {fileID: 4242045688052924}
  - component: {fileID: 95102770848469534}
  m_Layer: 0
  m_Name: Astronaut_Skin
  m_TagString: Untagged
  m_Icon: {fileID: 0}
  m_NavMeshLayer: 0
  m_StaticEditorFlags: 0
  m_IsActive: 1
--- !u!1 &1811696555670276
GameObject:
  m_ObjectHideFlags: 1
  m_PrefabParentObject: {fileID: 0}
  m_PrefabInternal: {fileID: 100100000}
  serializedVersion: 5
  m_Component:
  - component: {fileID: 4367916315457460}
  m_Layer: 0
  m_Name: Bip001 R Finger1
  m_TagString: Untagged
  m_Icon: {fileID: 0}
  m_NavMeshLayer: 0
  m_StaticEditorFlags: 0
  m_IsActive: 1
--- !u!1 &1832863629874202
GameObject:
  m_ObjectHideFlags: 1
  m_PrefabParentObject: {fileID: 0}
  m_PrefabInternal: {fileID: 100100000}
  serializedVersion: 5
  m_Component:
  - component: {fileID: 4312245055790854}
  m_Layer: 0
  m_Name: Bip001 L Thigh
  m_TagString: Untagged
  m_Icon: {fileID: 0}
  m_NavMeshLayer: 0
  m_StaticEditorFlags: 0
  m_IsActive: 1
--- !u!1 &1837622543061194
GameObject:
  m_ObjectHideFlags: 1
  m_PrefabParentObject: {fileID: 0}
  m_PrefabInternal: {fileID: 100100000}
  serializedVersion: 5
  m_Component:
  - component: {fileID: 4927628090029340}
  m_Layer: 0
  m_Name: Bip001 R Toe0Nub
  m_TagString: Untagged
  m_Icon: {fileID: 0}
  m_NavMeshLayer: 0
  m_StaticEditorFlags: 0
  m_IsActive: 1
--- !u!1 &1841566722045936
GameObject:
  m_ObjectHideFlags: 0
  m_PrefabParentObject: {fileID: 0}
  m_PrefabInternal: {fileID: 100100000}
  serializedVersion: 5
  m_Component:
  - component: {fileID: 4584040462512036}
  - component: {fileID: 114588717999346724}
  - component: {fileID: 114991871578605324}
  - component: {fileID: 114578579065445842}
  - component: {fileID: 114210057567758056}
  m_Layer: 0
  m_Name: Avatar_Astronaut
  m_TagString: Untagged
  m_Icon: {fileID: 0}
  m_NavMeshLayer: 0
  m_StaticEditorFlags: 0
  m_IsActive: 1
--- !u!1 &1868992117630978
GameObject:
  m_ObjectHideFlags: 1
  m_PrefabParentObject: {fileID: 0}
  m_PrefabInternal: {fileID: 100100000}
  serializedVersion: 5
  m_Component:
  - component: {fileID: 4706804431081010}
  m_Layer: 0
  m_Name: Bip001 L UpperArm
  m_TagString: Untagged
  m_Icon: {fileID: 0}
  m_NavMeshLayer: 0
  m_StaticEditorFlags: 0
  m_IsActive: 1
--- !u!1 &1885856883158976
GameObject:
  m_ObjectHideFlags: 1
  m_PrefabParentObject: {fileID: 0}
  m_PrefabInternal: {fileID: 100100000}
  serializedVersion: 5
  m_Component:
  - component: {fileID: 4986016915892810}
  m_Layer: 0
  m_Name: Bip001 R Clavicle
  m_TagString: Untagged
  m_Icon: {fileID: 0}
  m_NavMeshLayer: 0
  m_StaticEditorFlags: 0
  m_IsActive: 1
--- !u!1 &1892112862100274
GameObject:
  m_ObjectHideFlags: 1
  m_PrefabParentObject: {fileID: 0}
  m_PrefabInternal: {fileID: 100100000}
  serializedVersion: 5
  m_Component:
  - component: {fileID: 4039574541871912}
  m_Layer: 0
  m_Name: Bip001 Spine
  m_TagString: Untagged
  m_Icon: {fileID: 0}
  m_NavMeshLayer: 0
  m_StaticEditorFlags: 0
  m_IsActive: 1
--- !u!1 &1934651428898774
GameObject:
  m_ObjectHideFlags: 1
  m_PrefabParentObject: {fileID: 0}
  m_PrefabInternal: {fileID: 100100000}
  serializedVersion: 5
  m_Component:
  - component: {fileID: 4554182967611684}
  m_Layer: 0
  m_Name: Bip001 L Foot
  m_TagString: Untagged
  m_Icon: {fileID: 0}
  m_NavMeshLayer: 0
  m_StaticEditorFlags: 0
  m_IsActive: 1
--- !u!1 &1960947475038652
GameObject:
  m_ObjectHideFlags: 1
  m_PrefabParentObject: {fileID: 0}
  m_PrefabInternal: {fileID: 100100000}
  serializedVersion: 5
  m_Component:
  - component: {fileID: 4436842240320626}
  m_Layer: 0
  m_Name: Bip001 R Foot
  m_TagString: Untagged
  m_Icon: {fileID: 0}
  m_NavMeshLayer: 0
  m_StaticEditorFlags: 0
  m_IsActive: 1
--- !u!1 &1993297854852300
GameObject:
  m_ObjectHideFlags: 1
  m_PrefabParentObject: {fileID: 0}
  m_PrefabInternal: {fileID: 100100000}
  serializedVersion: 5
  m_Component:
  - component: {fileID: 4278609569935486}
  m_Layer: 0
  m_Name: Bip001 R Thigh
  m_TagString: Untagged
  m_Icon: {fileID: 0}
  m_NavMeshLayer: 0
  m_StaticEditorFlags: 0
  m_IsActive: 1
--- !u!4 &4016159100782334
Transform:
  m_ObjectHideFlags: 1
  m_PrefabParentObject: {fileID: 0}
  m_PrefabInternal: {fileID: 100100000}
  m_GameObject: {fileID: 1744733110477030}
  m_LocalRotation: {x: -0.7068179, y: 0.003210836, z: -0.0032133944, w: 0.70738095}
  m_LocalPosition: {x: -0.0813777, y: 0, z: 0}
  m_LocalScale: {x: 1, y: 1.0000001, z: 1.0000001}
  m_Children:
  - {fileID: 4026435067270948}
  - {fileID: 4180779089773022}
  m_Father: {fileID: 4538621164996804}
  m_RootOrder: 0
  m_LocalEulerAnglesHint: {x: 0, y: 0, z: 0}
--- !u!4 &4026435067270948
Transform:
  m_ObjectHideFlags: 1
  m_PrefabParentObject: {fileID: 0}
  m_PrefabInternal: {fileID: 100100000}
  m_GameObject: {fileID: 1531916421588028}
  m_LocalRotation: {x: 0.87543315, y: 0.015130368, z: 0.48189002, w: 0.0342037}
  m_LocalPosition: {x: -0.033699334, y: -0.006000221, z: -0.050029937}
  m_LocalScale: {x: 1.0000001, y: 1, z: 1}
  m_Children:
  - {fileID: 4813837919249720}
  m_Father: {fileID: 4016159100782334}
  m_RootOrder: 0
  m_LocalEulerAnglesHint: {x: 0, y: 0, z: 0}
--- !u!4 &4038246219402944
Transform:
  m_ObjectHideFlags: 1
  m_PrefabParentObject: {fileID: 0}
  m_PrefabInternal: {fileID: 100100000}
  m_GameObject: {fileID: 1707424216087952}
  m_LocalRotation: {x: -4.5110937e-10, y: -5.238689e-10, z: 1, w: 6.099602e-17}
  m_LocalPosition: {x: -0.058535397, y: 0.000000029802322, z: 0}
  m_LocalScale: {x: -1, y: -1.0000001, z: -1.0000001}
  m_Children: []
  m_Father: {fileID: 4726151140125666}
  m_RootOrder: 0
  m_LocalEulerAnglesHint: {x: 0, y: 0, z: 0}
--- !u!4 &4039574541871912
Transform:
  m_ObjectHideFlags: 1
  m_PrefabParentObject: {fileID: 0}
  m_PrefabInternal: {fileID: 100100000}
  m_GameObject: {fileID: 1892112862100274}
  m_LocalRotation: {x: -0.000002080476, y: 0.000000693676, z: -0.000398159, w: 0.99999994}
  m_LocalPosition: {x: -0.03891602, y: -0.00008914569, z: 0.000000054093107}
  m_LocalScale: {x: 1, y: 0.99999994, z: 0.99999994}
  m_Children:
  - {fileID: 4312245055790854}
  - {fileID: 4278609569935486}
  - {fileID: 4631666751468378}
  m_Father: {fileID: 4495722409069448}
  m_RootOrder: 0
  m_LocalEulerAnglesHint: {x: 0, y: 0, z: 0}
--- !u!4 &4074740104317496
Transform:
  m_ObjectHideFlags: 1
  m_PrefabParentObject: {fileID: 0}
  m_PrefabInternal: {fileID: 100100000}
  m_GameObject: {fileID: 1567860639381768}
  m_LocalRotation: {x: 9.553441e-16, y: 1.75553e-30, z: 1, w: -1.8375893e-15}
  m_LocalPosition: {x: -0.092414446, y: -9.313226e-10, z: 0}
  m_LocalScale: {x: -0.99999994, y: -1, z: -0.99999994}
  m_Children: []
  m_Father: {fileID: 4249053495702314}
  m_RootOrder: 0
  m_LocalEulerAnglesHint: {x: 0, y: 0, z: 0}
--- !u!4 &4180779089773022
Transform:
  m_ObjectHideFlags: 1
  m_PrefabParentObject: {fileID: 0}
  m_PrefabInternal: {fileID: 100100000}
  m_GameObject: {fileID: 1587737062643744}
  m_LocalRotation: {x: -0.00039803793, y: -0.024284126, z: 0.000009669245, w: 0.9997051}
  m_LocalPosition: {x: -0.060679644, y: 0, z: 0.0000000037252903}
  m_LocalScale: {x: 1, y: 1, z: 1}
  m_Children:
  - {fileID: 4725032877951970}
  m_Father: {fileID: 4016159100782334}
  m_RootOrder: 1
  m_LocalEulerAnglesHint: {x: 0, y: 0, z: 0}
--- !u!4 &4189537476823620
Transform:
  m_ObjectHideFlags: 1
  m_PrefabParentObject: {fileID: 0}
  m_PrefabInternal: {fileID: 100100000}
  m_GameObject: {fileID: 1302032534355092}
  m_LocalRotation: {x: -7.2656e-14, y: -0.0000000011042733, z: 0.00039883057, w: 0.99999994}
  m_LocalPosition: {x: -0.035735816, y: 0, z: 0}
  m_LocalScale: {x: 1, y: 1, z: 1}
  m_Children:
  - {fileID: 4269249991422208}
  m_Father: {fileID: 4264969957231680}
  m_RootOrder: 0
  m_LocalEulerAnglesHint: {x: 0, y: 0, z: 0}
--- !u!4 &4242045688052924
Transform:
  m_ObjectHideFlags: 1
  m_PrefabParentObject: {fileID: 0}
  m_PrefabInternal: {fileID: 100100000}
  m_GameObject: {fileID: 1804306567061166}
  m_LocalRotation: {x: 0, y: -0.7071068, z: 0, w: 0.7071068}
  m_LocalPosition: {x: 0, y: 0, z: 0}
  m_LocalScale: {x: 1, y: 1, z: 1}
  m_Children:
  - {fileID: 4887875240612118}
  - {fileID: 4361070033636290}
  m_Father: {fileID: 4584040462512036}
  m_RootOrder: 0
  m_LocalEulerAnglesHint: {x: 0, y: -90, z: 0}
--- !u!4 &4249053495702314
Transform:
  m_ObjectHideFlags: 1
  m_PrefabParentObject: {fileID: 0}
  m_PrefabInternal: {fileID: 100100000}
  m_GameObject: {fileID: 1286118204828520}
  m_LocalRotation: {x: 0.000000015454312, y: -0.000000015454312, z: -0.7071068, w: 0.7071068}
  m_LocalPosition: {x: -0.02361799, y: 0.077041514, z: 0.000000007450581}
  m_LocalScale: {x: 0.99999994, y: 1, z: 0.99999994}
  m_Children:
  - {fileID: 4074740104317496}
  m_Father: {fileID: 4554182967611684}
  m_RootOrder: 0
  m_LocalEulerAnglesHint: {x: 0, y: 0, z: 0}
--- !u!4 &4263387890715654
Transform:
  m_ObjectHideFlags: 1
  m_PrefabParentObject: {fileID: 0}
  m_PrefabInternal: {fileID: 100100000}
  m_GameObject: {fileID: 1097037611283578}
  m_LocalRotation: {x: 0, y: 0, z: 0, w: 1}
  m_LocalPosition: {x: 0, y: 0, z: 0}
  m_LocalScale: {x: 15.1009655, y: 7.493537, z: 15.10096}
  m_Children: []
  m_Father: {fileID: 4724536538799640}
  m_RootOrder: 2
  m_LocalEulerAnglesHint: {x: 0, y: 0, z: 0}
--- !u!4 &4264969957231680
Transform:
  m_ObjectHideFlags: 1
  m_PrefabParentObject: {fileID: 0}
  m_PrefabInternal: {fileID: 100100000}
  m_GameObject: {fileID: 1023123481295680}
  m_LocalRotation: {x: -3.0117673e-14, y: 0, z: -0, w: 1}
  m_LocalPosition: {x: -0.11196706, y: -0.000028455543, z: -7.8216544e-11}
  m_LocalScale: {x: 1, y: 1, z: 1}
  m_Children:
  - {fileID: 4189537476823620}
  - {fileID: 4613943431781380}
  - {fileID: 4986016915892810}
  m_Father: {fileID: 4631666751468378}
  m_RootOrder: 0
  m_LocalEulerAnglesHint: {x: 0, y: 0, z: 0}
--- !u!4 &4269249991422208
Transform:
  m_ObjectHideFlags: 1
  m_PrefabParentObject: {fileID: 0}
  m_PrefabInternal: {fileID: 100100000}
  m_GameObject: {fileID: 1023829879779108}
  m_LocalRotation: {x: -4.1174657e-20, y: -3.3881318e-21, z: -1.39505e-40, w: 1}
  m_LocalPosition: {x: -0.21271878, y: -5.684342e-14, z: 0}
  m_LocalScale: {x: 1, y: 0.99999994, z: 0.99999994}
  m_Children: []
  m_Father: {fileID: 4189537476823620}
  m_RootOrder: 0
  m_LocalEulerAnglesHint: {x: 0, y: 0, z: 0}
--- !u!4 &4278609569935486
Transform:
  m_ObjectHideFlags: 1
  m_PrefabParentObject: {fileID: 0}
  m_PrefabInternal: {fileID: 100100000}
  m_GameObject: {fileID: 1993297854852300}
  m_LocalRotation: {x: -0.015949743, y: 0.9998728, z: 0.0000013860966, w: 0.000000020798211}
  m_LocalPosition: {x: 0.038915932, y: 0.0001203976, z: -0.09133616}
  m_LocalScale: {x: 1, y: 1.0000001, z: 1}
  m_Children:
  - {fileID: 4581772687228412}
  m_Father: {fileID: 4039574541871912}
  m_RootOrder: 1
  m_LocalEulerAnglesHint: {x: 0, y: 0, z: 0}
--- !u!4 &4312245055790854
Transform:
  m_ObjectHideFlags: 1
  m_PrefabParentObject: {fileID: 0}
  m_PrefabInternal: {fileID: 100100000}
  m_GameObject: {fileID: 1832863629874202}
  m_LocalRotation: {x: -0.015949743, y: 0.9998728, z: 0.0000013884754, w: -0.00000006397274}
  m_LocalPosition: {x: 0.038915932, y: 0.00011989093, z: 0.091336176}
  m_LocalScale: {x: 1, y: 1.0000001, z: 1}
  m_Children:
  - {fileID: 4660918596716124}
  m_Father: {fileID: 4039574541871912}
  m_RootOrder: 0
  m_LocalEulerAnglesHint: {x: 0, y: 0, z: 0}
--- !u!4 &4322867820696192
Transform:
  m_ObjectHideFlags: 1
  m_PrefabParentObject: {fileID: 0}
  m_PrefabInternal: {fileID: 100100000}
  m_GameObject: {fileID: 1029193994001384}
  m_LocalRotation: {x: -0.0010188731, y: -0.0032966768, z: -0.29530364, w: 0.95539725}
  m_LocalPosition: {x: 1.7273203, y: 2.2075288, z: -0.681492}
  m_LocalScale: {x: 0.028986523, y: 0.028986521, z: 0.02898652}
  m_Children: []
  m_Father: {fileID: 4733921855319602}
  m_RootOrder: 1
  m_LocalEulerAnglesHint: {x: 0, y: 0, z: 0}
--- !u!4 &4361070033636290
Transform:
  m_ObjectHideFlags: 1
  m_PrefabParentObject: {fileID: 0}
  m_PrefabInternal: {fileID: 100100000}
  m_GameObject: {fileID: 1679923799713342}
  m_LocalRotation: {x: -0.7071068, y: -0.000000061817246, z: -0.000000061817246, w: 0.7071068}
  m_LocalPosition: {x: 0.000015800819, y: 0.38060135, z: 0.0076737553}
  m_LocalScale: {x: 1, y: 1, z: 1}
  m_Children: []
  m_Father: {fileID: 4242045688052924}
  m_RootOrder: 1
  m_LocalEulerAnglesHint: {x: 0, y: 0, z: 0}
--- !u!4 &4367916315457460
Transform:
  m_ObjectHideFlags: 1
  m_PrefabParentObject: {fileID: 0}
  m_PrefabInternal: {fileID: 100100000}
  m_GameObject: {fileID: 1811696555670276}
  m_LocalRotation: {x: 0.00039803793, y: 0.024284126, z: 0.000009670177, w: 0.9997051}
  m_LocalPosition: {x: -0.060679615, y: 0, z: 0}
  m_LocalScale: {x: 1, y: 0.99999994, z: 0.99999994}
  m_Children:
  - {fileID: 4568212647631922}
  m_Father: {fileID: 4706161367179196}
  m_RootOrder: 1
  m_LocalEulerAnglesHint: {x: 0, y: 0, z: 0}
--- !u!4 &4411243278527306
Transform:
  m_ObjectHideFlags: 1
  m_PrefabParentObject: {fileID: 0}
  m_PrefabInternal: {fileID: 100100000}
  m_GameObject: {fileID: 1509801945268430}
  m_LocalRotation: {x: 0, y: -0, z: -0.7071063, w: 0.70710725}
  m_LocalPosition: {x: -0, y: 0, z: -0.20643775}
  m_LocalScale: {x: 1, y: 1, z: 1}
  m_Children: []
  m_Father: {fileID: 4887875240612118}
  m_RootOrder: 0
  m_LocalEulerAnglesHint: {x: 0, y: 0, z: 0}
--- !u!4 &4436842240320626
Transform:
  m_ObjectHideFlags: 1
  m_PrefabParentObject: {fileID: 0}
  m_PrefabInternal: {fileID: 100100000}
  m_GameObject: {fileID: 1960947475038652}
  m_LocalRotation: {x: -6.4479877e-10, y: -0.0000000012675323, z: -0.07578038, w: 0.99712455}
  m_LocalPosition: {x: -0.07758698, y: -0.0000000018626451, z: 0}
  m_LocalScale: {x: 1, y: 1, z: 0.99999994}
  m_Children:
  - {fileID: 4881989814151686}
  m_Father: {fileID: 4581772687228412}
  m_RootOrder: 0
  m_LocalEulerAnglesHint: {x: 0, y: 0, z: 0}
--- !u!4 &4488960713663960
Transform:
  m_ObjectHideFlags: 1
  m_PrefabParentObject: {fileID: 0}
  m_PrefabInternal: {fileID: 100100000}
  m_GameObject: {fileID: 1103142623388038}
  m_LocalRotation: {x: 2.5693757e-12, y: 4.6565418e-10, z: -0.0055176923, w: 0.9999848}
  m_LocalPosition: {x: -0.10164027, y: 0, z: 0}
  m_LocalScale: {x: 1, y: 1, z: 1.0000001}
  m_Children:
  - {fileID: 4706161367179196}
  m_Father: {fileID: 4616289012670738}
  m_RootOrder: 0
  m_LocalEulerAnglesHint: {x: 0, y: 0, z: 0}
--- !u!4 &4495722409069448
Transform:
  m_ObjectHideFlags: 1
  m_PrefabParentObject: {fileID: 0}
  m_PrefabInternal: {fileID: 100100000}
  m_GameObject: {fileID: 1448924334061748}
  m_LocalRotation: {x: -0.5, y: 0.5, z: 0.4999993, w: 0.5000007}
  m_LocalPosition: {x: -0, y: 0, z: 0}
  m_LocalScale: {x: 1, y: 0.99999994, z: 0.99999994}
  m_Children:
  - {fileID: 4039574541871912}
  m_Father: {fileID: 4887875240612118}
  m_RootOrder: 1
  m_LocalEulerAnglesHint: {x: 0, y: 0, z: 0}
--- !u!4 &4502085971025950
Transform:
  m_ObjectHideFlags: 1
  m_PrefabParentObject: {fileID: 0}
  m_PrefabInternal: {fileID: 100100000}
  m_GameObject: {fileID: 1377289738891208}
  m_LocalRotation: {x: 0.4132669, y: -0.119617306, z: 0.90266037, w: 0.010320265}
  m_LocalPosition: {x: -0.36145034, y: -2.9836016, z: 0.5538153}
  m_LocalScale: {x: 0.057973046, y: 0.057973042, z: 0.057973042}
  m_Children: []
  m_Father: {fileID: 4733921855319602}
  m_RootOrder: 2
  m_LocalEulerAnglesHint: {x: 0, y: 0, z: 0}
--- !u!4 &4538621164996804
Transform:
  m_ObjectHideFlags: 1
  m_PrefabParentObject: {fileID: 0}
  m_PrefabInternal: {fileID: 100100000}
  m_GameObject: {fileID: 1496015564336562}
  m_LocalRotation: {x: -2.5693761e-12, y: -4.656542e-10, z: -0.0055176932, w: 0.9999848}
  m_LocalPosition: {x: -0.101640284, y: 0.0000000037252903, z: 0.000000029802322}
  m_LocalScale: {x: 1, y: 1, z: 1}
  m_Children:
  - {fileID: 4016159100782334}
  m_Father: {fileID: 4706804431081010}
  m_RootOrder: 0
  m_LocalEulerAnglesHint: {x: 0, y: 0, z: 0}
--- !u!4 &4554182967611684
Transform:
  m_ObjectHideFlags: 1
  m_PrefabParentObject: {fileID: 0}
  m_PrefabInternal: {fileID: 100100000}
  m_GameObject: {fileID: 1934651428898774}
  m_LocalRotation: {x: -0.0000000059801337, y: -0.000000085903835, z: -0.07578038,
    w: 0.99712455}
  m_LocalPosition: {x: -0.07758698, y: -9.313226e-10, z: -0.000000007450581}
  m_LocalScale: {x: 1, y: 1, z: 0.99999994}
  m_Children:
  - {fileID: 4249053495702314}
  m_Father: {fileID: 4660918596716124}
  m_RootOrder: 0
  m_LocalEulerAnglesHint: {x: 0, y: 0, z: 0}
--- !u!4 &4568212647631922
Transform:
  m_ObjectHideFlags: 1
  m_PrefabParentObject: {fileID: 0}
  m_PrefabInternal: {fileID: 100100000}
  m_GameObject: {fileID: 1645180984107482}
  m_LocalRotation: {x: 6.4028427e-10, y: 5.9631125e-19, z: 1, w: -9.313227e-10}
  m_LocalPosition: {x: -0.07167664, y: 0, z: 0.0000000037252903}
  m_LocalScale: {x: -1, y: -0.99999994, z: -0.99999994}
  m_Children: []
  m_Father: {fileID: 4367916315457460}
  m_RootOrder: 0
  m_LocalEulerAnglesHint: {x: 0, y: 0, z: 0}
--- !u!4 &4581772687228412
Transform:
  m_ObjectHideFlags: 1
  m_PrefabParentObject: {fileID: 0}
  m_PrefabInternal: {fileID: 100100000}
  m_GameObject: {fileID: 1445329884151058}
  m_LocalRotation: {x: -5.941519e-14, y: 4.476364e-15, z: 0.09127814, w: 0.99582547}
  m_LocalPosition: {x: -0.09502222, y: 0, z: 0}
  m_LocalScale: {x: 1.0000001, y: 1, z: 1}
  m_Children:
  - {fileID: 4436842240320626}
  m_Father: {fileID: 4278609569935486}
  m_RootOrder: 0
  m_LocalEulerAnglesHint: {x: 0, y: 0, z: 0}
--- !u!4 &4584040462512036
Transform:
  m_ObjectHideFlags: 1
  m_PrefabParentObject: {fileID: 0}
  m_PrefabInternal: {fileID: 100100000}
  m_GameObject: {fileID: 1841566722045936}
  m_LocalRotation: {x: -0, y: 1, z: -0, w: 0}
  m_LocalPosition: {x: 0, y: 0, z: 0}
  m_LocalScale: {x: 1, y: 1, z: 1}
  m_Children:
  - {fileID: 4242045688052924}
  m_Father: {fileID: 4724536538799640}
  m_RootOrder: 1
  m_LocalEulerAnglesHint: {x: 0, y: 180, z: 0}
--- !u!4 &4603996037111496
Transform:
  m_ObjectHideFlags: 1
  m_PrefabParentObject: {fileID: 0}
  m_PrefabInternal: {fileID: 100100000}
  m_GameObject: {fileID: 1166285254592784}
  m_LocalRotation: {x: -0.0010188613, y: -0.0032966959, z: -0.2953036, w: 0.95539725}
  m_LocalPosition: {x: 1.7273203, y: 2.2075288, z: -0.681492}
  m_LocalScale: {x: 0.02898652, y: 0.02898652, z: 0.02898652}
  m_Children: []
  m_Father: {fileID: 4733921855319602}
  m_RootOrder: 0
  m_LocalEulerAnglesHint: {x: 0, y: 0, z: 0}
--- !u!4 &4613943431781380
Transform:
  m_ObjectHideFlags: 1
  m_PrefabParentObject: {fileID: 0}
  m_PrefabInternal: {fileID: 100100000}
  m_GameObject: {fileID: 1666423740821928}
  m_LocalRotation: {x: 0.71790665, y: 0.00028680597, z: -0.6961393, w: 0.00027617905}
  m_LocalPosition: {x: 0.058731526, y: 0.00007491361, z: 0.08681451}
  m_LocalScale: {x: 1.0000001, y: 1, z: 1}
  m_Children:
  - {fileID: 4706804431081010}
  m_Father: {fileID: 4264969957231680}
  m_RootOrder: 1
  m_LocalEulerAnglesHint: {x: 0, y: 0, z: 0}
--- !u!4 &4616289012670738
Transform:
  m_ObjectHideFlags: 1
  m_PrefabParentObject: {fileID: 0}
  m_PrefabInternal: {fileID: 100100000}
  m_GameObject: {fileID: 1298114891035886}
  m_LocalRotation: {x: -0.050043058, y: 0.022596855, z: -0.00034009508, w: 0.99849135}
  m_LocalPosition: {x: -0.06310679, y: -7.1054274e-15, z: 0}
  m_LocalScale: {x: 1, y: 1.0000001, z: 1.0000001}
  m_Children:
  - {fileID: 4488960713663960}
  m_Father: {fileID: 4986016915892810}
  m_RootOrder: 0
  m_LocalEulerAnglesHint: {x: 0, y: 0, z: 0}
--- !u!4 &4631666751468378
Transform:
  m_ObjectHideFlags: 1
  m_PrefabParentObject: {fileID: 0}
  m_PrefabInternal: {fileID: 100100000}
  m_GameObject: {fileID: 1801202461168566}
  m_LocalRotation: {x: -3.0117673e-14, y: 0, z: -0, w: 1}
  m_LocalPosition: {x: -0.11196703, y: -0.0000891565, z: -2.4738256e-10}
  m_LocalScale: {x: 1, y: 1, z: 1}
  m_Children:
  - {fileID: 4264969957231680}
  m_Father: {fileID: 4039574541871912}
  m_RootOrder: 2
  m_LocalEulerAnglesHint: {x: 0, y: 0, z: 0}
--- !u!4 &4660918596716124
Transform:
  m_ObjectHideFlags: 1
  m_PrefabParentObject: {fileID: 0}
  m_PrefabInternal: {fileID: 100100000}
  m_GameObject: {fileID: 1516230227042118}
  m_LocalRotation: {x: -3.844491e-14, y: 1.07465365e-14, z: 0.09127814, w: 0.99582547}
  m_LocalPosition: {x: -0.09502222, y: -4.656613e-10, z: 0.000000007450581}
  m_LocalScale: {x: 1.0000001, y: 1, z: 1}
  m_Children:
  - {fileID: 4554182967611684}
  m_Father: {fileID: 4312245055790854}
  m_RootOrder: 0
  m_LocalEulerAnglesHint: {x: 0, y: 0, z: 0}
--- !u!4 &4706161367179196
Transform:
  m_ObjectHideFlags: 1
  m_PrefabParentObject: {fileID: 0}
  m_PrefabInternal: {fileID: 100100000}
  m_GameObject: {fileID: 1727400280228504}
  m_LocalRotation: {x: 0.7068179, y: -0.0032108363, z: -0.0032133942, w: 0.70738095}
  m_LocalPosition: {x: -0.08137773, y: 0.0000000037252903, z: 0.000000029802322}
  m_LocalScale: {x: 1, y: 1, z: 1}
  m_Children:
  - {fileID: 4726151140125666}
  - {fileID: 4367916315457460}
  m_Father: {fileID: 4488960713663960}
  m_RootOrder: 0
  m_LocalEulerAnglesHint: {x: 0, y: 0, z: 0}
--- !u!4 &4706804431081010
Transform:
  m_ObjectHideFlags: 1
  m_PrefabParentObject: {fileID: 0}
  m_PrefabInternal: {fileID: 100100000}
  m_GameObject: {fileID: 1868992117630978}
  m_LocalRotation: {x: 0.050043058, y: -0.022596855, z: -0.00034009496, w: 0.99849135}
  m_LocalPosition: {x: -0.063106805, y: 7.1054274e-15, z: 0}
  m_LocalScale: {x: 1, y: 1.0000001, z: 1.0000001}
  m_Children:
  - {fileID: 4538621164996804}
  m_Father: {fileID: 4613943431781380}
  m_RootOrder: 0
  m_LocalEulerAnglesHint: {x: 0, y: 0, z: 0}
--- !u!4 &4724536538799640
Transform:
  m_ObjectHideFlags: 1
  m_PrefabParentObject: {fileID: 0}
  m_PrefabInternal: {fileID: 100100000}
  m_GameObject: {fileID: 1140309452846364}
  m_LocalRotation: {x: 0, y: 0, z: 0, w: 1}
  m_LocalPosition: {x: 0, y: 0, z: 0}
  m_LocalScale: {x: 1, y: 1, z: 1}
  m_Children:
  - {fileID: 4733921855319602}
  - {fileID: 4584040462512036}
  - {fileID: 4263387890715654}
  m_Father: {fileID: 0}
  m_RootOrder: 0
  m_LocalEulerAnglesHint: {x: 0, y: 0, z: 0}
--- !u!4 &4725032877951970
Transform:
  m_ObjectHideFlags: 1
  m_PrefabParentObject: {fileID: 0}
  m_PrefabInternal: {fileID: 100100000}
  m_GameObject: {fileID: 1019060977492348}
  m_LocalRotation: {x: 0.0000000037252903, y: 3.4924597e-10, z: -9.313226e-10, w: 1}
  m_LocalPosition: {x: -0.07167667, y: 0, z: -0.0000000037252903}
  m_LocalScale: {x: 1, y: 1, z: 0.99999994}
  m_Children: []
  m_Father: {fileID: 4180779089773022}
  m_RootOrder: 0
  m_LocalEulerAnglesHint: {x: 0, y: 0, z: 0}
--- !u!4 &4726151140125666
Transform:
  m_ObjectHideFlags: 1
  m_PrefabParentObject: {fileID: 0}
  m_PrefabInternal: {fileID: 100100000}
  m_GameObject: {fileID: 1752683837801492}
  m_LocalRotation: {x: 0.87543315, y: 0.015130364, z: -0.48189, w: -0.03420371}
  m_LocalPosition: {x: -0.033699274, y: -0.0060002506, z: 0.050029937}
  m_LocalScale: {x: 1.0000001, y: 0.99999994, z: 1}
  m_Children:
  - {fileID: 4038246219402944}
  m_Father: {fileID: 4706161367179196}
  m_RootOrder: 0
  m_LocalEulerAnglesHint: {x: 0, y: 0, z: 0}
--- !u!4 &4733921855319602
Transform:
  m_ObjectHideFlags: 1
  m_PrefabParentObject: {fileID: 0}
  m_PrefabInternal: {fileID: 100100000}
  m_GameObject: {fileID: 1394089025113996}
  m_LocalRotation: {x: -0, y: -0, z: -0, w: 1}
  m_LocalPosition: {x: 0, y: 0, z: 0}
  m_LocalScale: {x: 0.5, y: 0.5, z: 0.5}
  m_Children:
  - {fileID: 4603996037111496}
  - {fileID: 4322867820696192}
  - {fileID: 4502085971025950}
  - {fileID: 4860280194966794}
  m_Father: {fileID: 4724536538799640}
  m_RootOrder: 0
  m_LocalEulerAnglesHint: {x: 0, y: 0, z: 0}
--- !u!4 &4813837919249720
Transform:
  m_ObjectHideFlags: 1
  m_PrefabParentObject: {fileID: 0}
  m_PrefabInternal: {fileID: 100100000}
  m_GameObject: {fileID: 1579294496327136}
  m_LocalRotation: {x: -5.8207654e-11, y: -0.000000014541001, z: -8.4639757e-19, w: 1}
  m_LocalPosition: {x: -0.058535427, y: 0, z: -0.000000029802322}
  m_LocalScale: {x: 1, y: 1.0000001, z: 1.0000001}
  m_Children: []
  m_Father: {fileID: 4026435067270948}
  m_RootOrder: 0
  m_LocalEulerAnglesHint: {x: 0, y: 0, z: 0}
--- !u!4 &4860280194966794
Transform:
  m_ObjectHideFlags: 1
  m_PrefabParentObject: {fileID: 0}
  m_PrefabInternal: {fileID: 100100000}
  m_GameObject: {fileID: 1774958726255434}
  m_LocalRotation: {x: -0, y: -0, z: -0, w: 1}
  m_LocalPosition: {x: 0, y: 0, z: 16.94}
  m_LocalScale: {x: 2, y: 2, z: 2}
  m_Children:
  - {fileID: 4868703413597272}
  m_Father: {fileID: 4733921855319602}
  m_RootOrder: 3
  m_LocalEulerAnglesHint: {x: 0, y: 0, z: 0}
--- !u!4 &4868703413597272
Transform:
  m_ObjectHideFlags: 1
  m_PrefabParentObject: {fileID: 0}
  m_PrefabInternal: {fileID: 100100000}
  m_GameObject: {fileID: 1200797026601670}
  m_LocalRotation: {x: -0, y: -0, z: -0, w: 1}
  m_LocalPosition: {x: 0, y: 0, z: 0}
  m_LocalScale: {x: 0.2, y: 0.2, z: 0.2}
  m_Children: []
  m_Father: {fileID: 4860280194966794}
  m_RootOrder: 0
  m_LocalEulerAnglesHint: {x: 0, y: 0, z: 0}
--- !u!4 &4881989814151686
Transform:
  m_ObjectHideFlags: 1
  m_PrefabParentObject: {fileID: 0}
  m_PrefabInternal: {fileID: 100100000}
  m_GameObject: {fileID: 1800749686495406}
  m_LocalRotation: {x: -0.00000001545431, y: 0.00000001545431, z: -0.7071068, w: 0.7071068}
  m_LocalPosition: {x: -0.02361799, y: 0.07704151, z: 0.000000007450581}
  m_LocalScale: {x: 0.99999994, y: 1, z: 0.99999994}
  m_Children:
  - {fileID: 4927628090029340}
  m_Father: {fileID: 4436842240320626}
  m_RootOrder: 0
  m_LocalEulerAnglesHint: {x: 0, y: 0, z: 0}
--- !u!4 &4887875240612118
Transform:
  m_ObjectHideFlags: 1
  m_PrefabParentObject: {fileID: 0}
  m_PrefabInternal: {fileID: 100100000}
  m_GameObject: {fileID: 1724171659236340}
  m_LocalRotation: {x: -0.50000036, y: 0.49999967, z: 0.49999967, w: 0.50000036}
  m_LocalPosition: {x: -0.000028114766, y: 0.20797473, z: -0.000000014462453}
  m_LocalScale: {x: 0.9999999, y: 0.9999999, z: 1}
  m_Children:
  - {fileID: 4411243278527306}
  - {fileID: 4495722409069448}
  m_Father: {fileID: 4242045688052924}
  m_RootOrder: 0
  m_LocalEulerAnglesHint: {x: 0, y: 0, z: 0}
--- !u!4 &4927628090029340
Transform:
  m_ObjectHideFlags: 1
  m_PrefabParentObject: {fileID: 0}
  m_PrefabInternal: {fileID: 100100000}
  m_GameObject: {fileID: 1837622543061194}
  m_LocalRotation: {x: 1.6970273e-30, y: -9.553415e-16, z: 1.776357e-15, w: 1}
  m_LocalPosition: {x: -0.09241446, y: -9.313226e-10, z: 0}
  m_LocalScale: {x: 0.99999994, y: 1, z: 0.99999994}
  m_Children: []
  m_Father: {fileID: 4881989814151686}
  m_RootOrder: 0
  m_LocalEulerAnglesHint: {x: 0, y: 0, z: 0}
--- !u!4 &4986016915892810
Transform:
  m_ObjectHideFlags: 1
  m_PrefabParentObject: {fileID: 0}
  m_PrefabInternal: {fileID: 100100000}
  m_GameObject: {fileID: 1885856883158976}
  m_LocalRotation: {x: 0.71790665, y: 0.00028487516, z: 0.6961393, w: -0.00027817022}
  m_LocalPosition: {x: 0.058731526, y: 0.00007539519, z: -0.08681451}
  m_LocalScale: {x: 1.0000001, y: 1, z: 1}
  m_Children:
  - {fileID: 4616289012670738}
  m_Father: {fileID: 4264969957231680}
  m_RootOrder: 2
  m_LocalEulerAnglesHint: {x: 0, y: 0, z: 0}
--- !u!23 &23364265733998154
MeshRenderer:
  m_ObjectHideFlags: 1
  m_PrefabParentObject: {fileID: 0}
  m_PrefabInternal: {fileID: 100100000}
  m_GameObject: {fileID: 1029193994001384}
  m_Enabled: 1
  m_CastShadows: 1
  m_ReceiveShadows: 1
  m_DynamicOccludee: 1
  m_MotionVectors: 1
  m_LightProbeUsage: 1
  m_ReflectionProbeUsage: 1
  m_Materials:
  - {fileID: 2100000, guid: 032253d1600a8074fbe161629717d761, type: 2}
  - {fileID: 2100000, guid: af371fd643a3eaf439fe4dc50a904955, type: 2}
  - {fileID: 2100000, guid: ed8887606bd579d40830b85782ac9824, type: 2}
  - {fileID: 2100000, guid: 2d98c3179d33219459ea3b004be38a26, type: 2}
  - {fileID: 2100000, guid: 6e85c7bfbb90ab54797e0e357e8dd479, type: 2}
  - {fileID: 2100000, guid: 9a127114a898b8b478cc32edc1c54a0b, type: 2}
  - {fileID: 2100000, guid: 841278e2745ebd84fa284574046f73a4, type: 2}
  - {fileID: 2100000, guid: f0f5076001064614f85fb96b81fb80f9, type: 2}
  - {fileID: 2100000, guid: 31c6f92dc908c6c40b1cd1ac372ee6b5, type: 2}
  - {fileID: 2100000, guid: 9debbf8bd7acb464d8e83237feff2e65, type: 2}
  - {fileID: 2100000, guid: ddfa435bcb1e3e7459f6ae85a3d065c1, type: 2}
  - {fileID: 2100000, guid: 5446041d5a7cfcb4c86e90b7440457be, type: 2}
  - {fileID: 2100000, guid: 41e3c58d481c1954591a324854aadebc, type: 2}
  - {fileID: 2100000, guid: 2ca02e64723579e4cbd424535cc5540a, type: 2}
  - {fileID: 2100000, guid: bcf9871008ba350428420570abc1d106, type: 2}
  - {fileID: 2100000, guid: 1305820fe1d354242a784491fac601c2, type: 2}
  - {fileID: 2100000, guid: 196e0744c40992b44b73a925594dc856, type: 2}
  - {fileID: 2100000, guid: 014eb903733a5fd42aea119590c767c0, type: 2}
  - {fileID: 2100000, guid: ee138a44b531266438751c4933037acf, type: 2}
  - {fileID: 2100000, guid: 355965704d709264db717f24cc4448f0, type: 2}
  - {fileID: 2100000, guid: ccfccde0b106bfc4abdadeb5e382a409, type: 2}
  - {fileID: 2100000, guid: 69525e75b2b24384287356d35d5c7f99, type: 2}
  - {fileID: 2100000, guid: f52e7b81020e0514b9ce0f52f5a72cba, type: 2}
  - {fileID: 2100000, guid: 0a9a31ff7c8cbd94ea5556376ba90c78, type: 2}
  - {fileID: 2100000, guid: 775bb4a6837b64b488bec09a3e9f1511, type: 2}
  - {fileID: 2100000, guid: 27be419aea5bf5c4783ac860edadf3dc, type: 2}
  - {fileID: 2100000, guid: 3292b054b70a44a41a7870fccad02401, type: 2}
  - {fileID: 2100000, guid: c40cb3418b552474cbf5091093ad1e81, type: 2}
  - {fileID: 2100000, guid: 38043d3ba807a96448f7dab25d5bf054, type: 2}
  - {fileID: 2100000, guid: 02b4630d977bb5845b1c36f64cf28396, type: 2}
  - {fileID: 2100000, guid: 052a4fdf6a7de9647a857eebe168f0c0, type: 2}
  - {fileID: 2100000, guid: d4d3d4fffd60fc14da67c272e7de6b1c, type: 2}
  - {fileID: 2100000, guid: 060658f7a2350c34c8b098a26bfba0de, type: 2}
  - {fileID: 2100000, guid: 096e158a8438b804dafe90734f27d00c, type: 2}
  - {fileID: 2100000, guid: 66bf6405a0444bf4d8ed2149943e5de1, type: 2}
  - {fileID: 2100000, guid: 33628e604623d1241b16364a605556b6, type: 2}
  - {fileID: 2100000, guid: df7f7f70ed2287541a002a3780ca1ea0, type: 2}
  - {fileID: 2100000, guid: a7c09ee734d088d4b90c86594bafe276, type: 2}
  - {fileID: 2100000, guid: 6abc1cc0ca40f544ebcf89b350b5ca0d, type: 2}
  - {fileID: 2100000, guid: 226df662f92427444a3e47122b0f8a51, type: 2}
  - {fileID: 2100000, guid: 0158272ed99d9344eac610adbeeb56c9, type: 2}
  - {fileID: 2100000, guid: c596434f608f8d34fa0795e72f9471c9, type: 2}
  - {fileID: 2100000, guid: 9c85f428e47e74a4980d7e86602f10d2, type: 2}
  - {fileID: 2100000, guid: 7a1843c8c9380dc44b7bf1399e4fd54f, type: 2}
  - {fileID: 2100000, guid: 3744f2ebee8b6414f9e4bdbd1bb65125, type: 2}
  - {fileID: 2100000, guid: d1c9508b872751844a01078de709a1c1, type: 2}
  - {fileID: 2100000, guid: c6b8a55d2135d0f4f88a903f8878f826, type: 2}
  - {fileID: 2100000, guid: 7134bedae5a19bd40b73d0bde3ef4985, type: 2}
  - {fileID: 2100000, guid: 6e288b828d15e5f4ab5ce9ea3ecc2b84, type: 2}
  - {fileID: 2100000, guid: add1a640d33697842acbd527f39f502d, type: 2}
  - {fileID: 2100000, guid: 28fe34cb7931f314cbe314487572733a, type: 2}
  - {fileID: 2100000, guid: 7badc8d9bd2459a4e88b44b2121433a4, type: 2}
  - {fileID: 2100000, guid: 086a48655a63ab24bb73f03e5f8fc817, type: 2}
  - {fileID: 2100000, guid: f0f26afb59bd9614c9cd573e8b37c951, type: 2}
  - {fileID: 2100000, guid: 567dc3f02485a2844975c422154f26a8, type: 2}
  - {fileID: 2100000, guid: 41a8a471beb256242bc96a87492cc2ae, type: 2}
  - {fileID: 2100000, guid: adec252356781cb4e827a7a8f13e27c6, type: 2}
  - {fileID: 2100000, guid: 7bb450c3d1b94b2499dbdb600e6ffc79, type: 2}
  - {fileID: 2100000, guid: df7f7f70ed2287541a002a3780ca1ea0, type: 2}
  - {fileID: 2100000, guid: 1e4624af83687f54bbe4d3c365f1608c, type: 2}
  - {fileID: 2100000, guid: 71687bfb6a4cf104caa0836c11df1c0e, type: 2}
  - {fileID: 2100000, guid: 653805335a9da46468a5208e324fab76, type: 2}
  - {fileID: 2100000, guid: 13c81ec7176d11245a44e2984c16e670, type: 2}
  - {fileID: 2100000, guid: 172f9cc3f22345246924e96aec94d269, type: 2}
  - {fileID: 2100000, guid: 89b03bc691f2286498e4642df15576d2, type: 2}
  - {fileID: 2100000, guid: 1cbd1492f958e3c4b8ce5159c01d3e46, type: 2}
  - {fileID: 2100000, guid: 0da1e6c89725fc646b7fb704b3c653c0, type: 2}
  - {fileID: 2100000, guid: 66d0989872b9b19408241a92fb6ef0a7, type: 2}
  - {fileID: 2100000, guid: 953ec508e14a09d47b7cbc521cbf421e, type: 2}
  - {fileID: 2100000, guid: c79609ffdb70eac4985217df0db566b6, type: 2}
  - {fileID: 2100000, guid: 08e062971a39c8247a97817ed0b4886a, type: 2}
  - {fileID: 2100000, guid: a7c09ee734d088d4b90c86594bafe276, type: 2}
  - {fileID: 2100000, guid: 3c0bf62b8e70cbf4bbcac017f3990c2f, type: 2}
  - {fileID: 2100000, guid: a98ddea012f0681469037f40760b0185, type: 2}
  - {fileID: 2100000, guid: 98179907786b58446854a5c2f8db6664, type: 2}
  - {fileID: 2100000, guid: ccfb58abb6a309b4a9d7526b28e7c33d, type: 2}
  - {fileID: 2100000, guid: 3b54980d241f03c4893a8fcfbfec1209, type: 2}
  - {fileID: 2100000, guid: 4bf7be1e18536ac4a87567c6fe9a71b2, type: 2}
  - {fileID: 2100000, guid: ca1af58b902fbcb4baf618952e51f7c6, type: 2}
  - {fileID: 2100000, guid: d0bed32cec61e6e4fa0006254a28613a, type: 2}
  - {fileID: 2100000, guid: d20aa6244a19fe446b48771f34d2fab4, type: 2}
  - {fileID: 2100000, guid: 1fa2b23d838f5bd429cb31d2b8fcd44d, type: 2}
  - {fileID: 2100000, guid: 05073a58de1331948a2c986b5266922a, type: 2}
  - {fileID: 2100000, guid: a57eff0e84523484096f441ed8e358eb, type: 2}
  - {fileID: 2100000, guid: 10b041feef085584481507056860e2fa, type: 2}
  - {fileID: 2100000, guid: 456ca98b8094d244aad3026e60e9e5c1, type: 2}
  - {fileID: 2100000, guid: 2c073ef3111924c4e8b1401523d52cc7, type: 2}
  - {fileID: 2100000, guid: 03e863be9eae8534c89ecff4013e9531, type: 2}
  - {fileID: 2100000, guid: 90b68ce2b9a6c80418f103f4d026c868, type: 2}
  - {fileID: 2100000, guid: 8a48b71daea2c8a4894f4cf5932d0ea2, type: 2}
  - {fileID: 2100000, guid: 7093e49054c24c948ac103db5d1dc41b, type: 2}
  - {fileID: 2100000, guid: 876d2cbf361adc24ebcafa55b050e852, type: 2}
  - {fileID: 2100000, guid: 878d8fe5565c5b64ebaf1bc2e838add7, type: 2}
  - {fileID: 2100000, guid: 7121f49913d4a074ca12535185af53af, type: 2}
  - {fileID: 2100000, guid: bafc3ff1e5334444999bd92a95c4d5f1, type: 2}
  - {fileID: 2100000, guid: 3540b7ecce4d52d438d8f689bb31ffcf, type: 2}
  - {fileID: 2100000, guid: 74d995adf94ce0449986a51d9905c374, type: 2}
  - {fileID: 2100000, guid: ba4756ef953fd67448e17193a129c235, type: 2}
  - {fileID: 2100000, guid: 39983bdda0a65e3458ec5aa57b0abf60, type: 2}
  - {fileID: 2100000, guid: 830482933b78ab3408af0fdd24c0bf4c, type: 2}
  - {fileID: 2100000, guid: bc78badbc3cf7f545aeb28530186303b, type: 2}
  - {fileID: 2100000, guid: 0053638db76945e42b3e66948596efc3, type: 2}
  - {fileID: 2100000, guid: ebe56005ba178d445806fd85b9416d23, type: 2}
  - {fileID: 2100000, guid: 5d1005dd00bc1814abcb1376493a47dc, type: 2}
  - {fileID: 2100000, guid: 1923e8e10811acb49a3c0d1b375ba5b7, type: 2}
  - {fileID: 2100000, guid: 70d03f9f31243124a9b2eb9ac034a5cf, type: 2}
  - {fileID: 2100000, guid: b0c5fb63ecc751a48b3338e9227bd790, type: 2}
  - {fileID: 2100000, guid: 41451ac30982e064895d8eadc8cf7370, type: 2}
  - {fileID: 2100000, guid: fcdb08cb3a2f3924e82763c07209d84c, type: 2}
  - {fileID: 2100000, guid: 181138d55f577c8408b346d2f2e744e8, type: 2}
  - {fileID: 2100000, guid: 54f9b063b162a7d469a486c5f5351b60, type: 2}
  - {fileID: 2100000, guid: 94b789c965c8db6419b4c0532fe310fe, type: 2}
  - {fileID: 2100000, guid: 3172b38317ace10438520640a2dbe926, type: 2}
  - {fileID: 2100000, guid: de4dd94e0da233745afbe2e38b39875f, type: 2}
  - {fileID: 2100000, guid: e14352f69c4cec94ca5f2b023efcd83d, type: 2}
  - {fileID: 2100000, guid: 567080458dea19a4689e61c6e85dd178, type: 2}
  - {fileID: 2100000, guid: 5297b693d5d1f7f4888d47c9ca49fc77, type: 2}
  - {fileID: 2100000, guid: d5822f304a4d40f4db85357cb599bebe, type: 2}
  - {fileID: 2100000, guid: ac0302d624ba3e546afa8bc74ec8f3ae, type: 2}
  - {fileID: 2100000, guid: 252551f8cbfa3ad49bc6d9403cfceb16, type: 2}
  - {fileID: 2100000, guid: 3799eab75b9f3d54c9d7831a47182784, type: 2}
  - {fileID: 2100000, guid: 4713e961a6b3c914aacb0baba67cfa65, type: 2}
  - {fileID: 2100000, guid: a4bf7abd6054c5e4485e81bbf1a80f51, type: 2}
  - {fileID: 2100000, guid: 128d0293fbcda5a43bf2f022bfb570e4, type: 2}
  - {fileID: 2100000, guid: 1aba9debba454bb419d2421cea04277f, type: 2}
  - {fileID: 2100000, guid: 5ad2c20c5d97acb4bb8bf32074747323, type: 2}
  - {fileID: 2100000, guid: a2e5e7e2a69709848a413792bfe8eda3, type: 2}
  - {fileID: 2100000, guid: bff4b7c193d2acc40aa46ad44e91d034, type: 2}
  - {fileID: 2100000, guid: 6862a857364f2ee44847b2c253f7bb24, type: 2}
  - {fileID: 2100000, guid: 1991051bc9f43e94e8012e098793376e, type: 2}
  - {fileID: 2100000, guid: b80ee6cbe978d7e48868364d1c49dde7, type: 2}
  - {fileID: 2100000, guid: dda082e8d75f6f14f89293d039ce8636, type: 2}
  - {fileID: 2100000, guid: cb284e95c5a836f449463f183c7ec1b8, type: 2}
  - {fileID: 2100000, guid: 16cd0f381b5851c459c418e9165b7ae0, type: 2}
  - {fileID: 2100000, guid: 6305193f2e2d8bb4ba89715d9b222ee7, type: 2}
  - {fileID: 2100000, guid: 5d114c7a3178dc4499ca2a629580bcc3, type: 2}
  - {fileID: 2100000, guid: d88507aec02c91d4486de4ad9f7ba6e4, type: 2}
  - {fileID: 2100000, guid: 6702bfdd729bf124491b056c5fd14fd2, type: 2}
  - {fileID: 2100000, guid: 50e891750dfac6842bbb5836dd91c763, type: 2}
  - {fileID: 2100000, guid: 1e3039bbd1e660a4c8ee799858fe7cdb, type: 2}
  - {fileID: 2100000, guid: 67ccf9ee2935996449ef57f40c2a77ec, type: 2}
  - {fileID: 2100000, guid: d2ab49982fe9bd24e8be207f2712b2ca, type: 2}
  - {fileID: 2100000, guid: b63ae12a543a2234c9166b3981825a2e, type: 2}
  - {fileID: 2100000, guid: 1427127a37cabe943990f8c9406dfa6c, type: 2}
  - {fileID: 2100000, guid: b0a09e1484dcb164d8150cab9be12710, type: 2}
  m_StaticBatchInfo:
    firstSubMesh: 0
    subMeshCount: 0
  m_StaticBatchRoot: {fileID: 0}
  m_ProbeAnchor: {fileID: 0}
  m_LightProbeVolumeOverride: {fileID: 0}
  m_ScaleInLightmap: 1
  m_PreserveUVs: 0
  m_IgnoreNormalsForChartDetection: 0
  m_ImportantGI: 0
  m_StitchLightmapSeams: 0
  m_SelectedEditorRenderState: 3
  m_MinimumChartSize: 4
  m_AutoUVMaxDistance: 0.5
  m_AutoUVMaxAngle: 89
  m_LightmapParameters: {fileID: 0}
  m_SortingLayerID: 0
  m_SortingLayer: 0
  m_SortingOrder: 0
--- !u!23 &23720340613511102
MeshRenderer:
  m_ObjectHideFlags: 1
  m_PrefabParentObject: {fileID: 0}
  m_PrefabInternal: {fileID: 100100000}
  m_GameObject: {fileID: 1200797026601670}
  m_Enabled: 1
  m_CastShadows: 1
  m_ReceiveShadows: 1
  m_DynamicOccludee: 1
  m_MotionVectors: 1
  m_LightProbeUsage: 1
  m_ReflectionProbeUsage: 1
  m_Materials:
  - {fileID: 2100000, guid: 08f2cc956cebc5c46bb8aefa1af01486, type: 2}
  m_StaticBatchInfo:
    firstSubMesh: 0
    subMeshCount: 0
  m_StaticBatchRoot: {fileID: 0}
  m_ProbeAnchor: {fileID: 0}
  m_LightProbeVolumeOverride: {fileID: 0}
  m_ScaleInLightmap: 1
  m_PreserveUVs: 0
  m_IgnoreNormalsForChartDetection: 0
  m_ImportantGI: 0
  m_StitchLightmapSeams: 0
  m_SelectedEditorRenderState: 3
  m_MinimumChartSize: 4
  m_AutoUVMaxDistance: 0.5
  m_AutoUVMaxAngle: 89
  m_LightmapParameters: {fileID: 0}
  m_SortingLayerID: 0
  m_SortingLayer: 0
  m_SortingOrder: 0
--- !u!33 &33135857598581020
MeshFilter:
  m_ObjectHideFlags: 1
  m_PrefabParentObject: {fileID: 0}
  m_PrefabInternal: {fileID: 100100000}
  m_GameObject: {fileID: 1097037611283578}
  m_Mesh: {fileID: 10202, guid: 0000000000000000e000000000000000, type: 0}
--- !u!33 &33597120252612582
MeshFilter:
  m_ObjectHideFlags: 1
  m_PrefabParentObject: {fileID: 0}
  m_PrefabInternal: {fileID: 100100000}
  m_GameObject: {fileID: 1029193994001384}
  m_Mesh: {fileID: 4300002, guid: 158cf8d52c791374aaf59e824f9ebd7c, type: 3}
--- !u!33 &33838722607124272
MeshFilter:
  m_ObjectHideFlags: 1
  m_PrefabParentObject: {fileID: 0}
  m_PrefabInternal: {fileID: 100100000}
  m_GameObject: {fileID: 1200797026601670}
  m_Mesh: {fileID: 4300000, guid: 364c106696915204abf7b03357a7e7ca, type: 3}
--- !u!54 &54778469128630628
Rigidbody:
  m_ObjectHideFlags: 1
  m_PrefabParentObject: {fileID: 0}
  m_PrefabInternal: {fileID: 100100000}
  m_GameObject: {fileID: 1097037611283578}
  serializedVersion: 2
  m_Mass: 1
  m_Drag: 0
  m_AngularDrag: 0.05
  m_UseGravity: 1
  m_IsKinematic: 1
  m_Interpolate: 0
  m_Constraints: 0
  m_CollisionDetection: 0
--- !u!65 &65247324692720810
BoxCollider:
  m_ObjectHideFlags: 1
  m_PrefabParentObject: {fileID: 0}
  m_PrefabInternal: {fileID: 100100000}
  m_GameObject: {fileID: 1097037611283578}
  m_Material: {fileID: 0}
  m_IsTrigger: 1
  m_Enabled: 1
  serializedVersion: 2
  m_Size: {x: 1, y: 1, z: 1}
  m_Center: {x: 0, y: 0, z: 0}
--- !u!95 &95102770848469534
Animator:
  serializedVersion: 3
  m_ObjectHideFlags: 1
  m_PrefabParentObject: {fileID: 0}
  m_PrefabInternal: {fileID: 100100000}
  m_GameObject: {fileID: 1804306567061166}
  m_Enabled: 1
  m_Avatar: {fileID: 9000000, guid: c50f3a0228c4c074caa6682ce7b5c88b, type: 3}
  m_Controller: {fileID: 9100000, guid: a2a2eb2e919bc8641a280c4ab131d786, type: 2}
  m_CullingMode: 1
  m_UpdateMode: 0
  m_ApplyRootMotion: 0
  m_LinearVelocityBlending: 0
  m_WarningMessage: 
  m_HasTransformHierarchy: 1
  m_AllowConstantClipSamplingOptimization: 1
--- !u!95 &95499219682098744
Animator:
  serializedVersion: 3
  m_ObjectHideFlags: 1
  m_PrefabParentObject: {fileID: 0}
  m_PrefabInternal: {fileID: 100100000}
  m_GameObject: {fileID: 1200797026601670}
  m_Enabled: 1
  m_Avatar: {fileID: 9000000, guid: 364c106696915204abf7b03357a7e7ca, type: 3}
  m_Controller: {fileID: 0}
  m_CullingMode: 0
  m_UpdateMode: 0
  m_ApplyRootMotion: 0
  m_LinearVelocityBlending: 0
  m_WarningMessage: 
  m_HasTransformHierarchy: 1
  m_AllowConstantClipSamplingOptimization: 1
--- !u!95 &95878837612505316
Animator:
  serializedVersion: 3
  m_ObjectHideFlags: 1
  m_PrefabParentObject: {fileID: 0}
  m_PrefabInternal: {fileID: 100100000}
  m_GameObject: {fileID: 1394089025113996}
  m_Enabled: 1
  m_Avatar: {fileID: 9000000, guid: 158cf8d52c791374aaf59e824f9ebd7c, type: 3}
  m_Controller: {fileID: 0}
  m_CullingMode: 0
  m_UpdateMode: 0
  m_ApplyRootMotion: 0
  m_LinearVelocityBlending: 0
  m_WarningMessage: 
  m_HasTransformHierarchy: 1
  m_AllowConstantClipSamplingOptimization: 1
--- !u!114 &114039873896941350
MonoBehaviour:
  m_ObjectHideFlags: 1
  m_PrefabParentObject: {fileID: 0}
  m_PrefabInternal: {fileID: 100100000}
  m_GameObject: {fileID: 1774958726255434}
  m_Enabled: 1
  m_EditorHideFlags: 0
  m_Script: {fileID: 11500000, guid: f44554d8276d9bc438a78cedad7f2d75, type: 3}
  m_Name: 
  m_EditorClassIdentifier: 
  wanderEnabled: 1
  aiType: 2
  centerPos: {x: 0, y: 0, z: 0}
  wanderingRange: 5
  speed: 0.1
  moveSpeed: 0.1
  rotateSpeed: 1
  model: {fileID: 4868703413597272}
  angleError: 0
  wanderThinkInterval: 1
  wanderAppearChance: 1
  wanderDuration: 1
  debugVisible: 1
--- !u!114 &114210057567758056
MonoBehaviour:
  m_ObjectHideFlags: 1
  m_PrefabParentObject: {fileID: 0}
  m_PrefabInternal: {fileID: 100100000}
  m_GameObject: {fileID: 1841566722045936}
  m_Enabled: 1
  m_EditorHideFlags: 0
  m_Script: {fileID: 11500000, guid: f44554d8276d9bc438a78cedad7f2d75, type: 3}
  m_Name: 
  m_EditorClassIdentifier: 
  wanderEnabled: 1
  aiType: 2
  centerPos: {x: 0, y: 0, z: 0}
  wanderingRange: 3.22
  speed: 0.3
  moveSpeed: 0.3
  rotateSpeed: 0.3
  model: {fileID: 4242045688052924}
  angleError: 80.28
  wanderThinkInterval: 1
  wanderAppearChance: 1
  wanderDuration: 1
  debugVisible: 1
--- !u!114 &114435604104361576
MonoBehaviour:
  m_ObjectHideFlags: 1
  m_PrefabParentObject: {fileID: 0}
  m_PrefabInternal: {fileID: 100100000}
  m_GameObject: {fileID: 1200797026601670}
  m_Enabled: 1
  m_EditorHideFlags: 0
  m_Script: {fileID: 11500000, guid: 87c5945b3d75de74988c5bcd56a69b21, type: 3}
  m_Name: 
  m_EditorClassIdentifier: 
  speed: 0.1
--- !u!114 &114578579065445842
MonoBehaviour:
  m_ObjectHideFlags: 1
  m_PrefabParentObject: {fileID: 0}
  m_PrefabInternal: {fileID: 100100000}
  m_GameObject: {fileID: 1841566722045936}
  m_Enabled: 1
  m_EditorHideFlags: 0
  m_Script: {fileID: 11500000, guid: 77e778ab36ae5f548978441e3f70149a, type: 3}
  m_Name: 
  m_EditorClassIdentifier: 
  talkActionMapper:
  - actionName: Hi
    texts:
    - Hi
    - Hello
  - actionName: Sad
    texts:
    - sad
    - bad
  - actionName: Good
    texts:
    - good
    - nice
  - actionName: Confidence
    texts:
    - hobby
--- !u!114 &114588717999346724
MonoBehaviour:
  m_ObjectHideFlags: 1
  m_PrefabParentObject: {fileID: 0}
  m_PrefabInternal: {fileID: 100100000}
  m_GameObject: {fileID: 1841566722045936}
  m_Enabled: 1
  m_EditorHideFlags: 0
  m_Script: {fileID: 11500000, guid: eb4fa562d67034868a9aafbe4b663012, type: 3}
  m_Name: 
  m_EditorClassIdentifier: 
  rootNode: {fileID: 4584040462512036}
  segments:
  - firstTransform: {fileID: 4264969957231680}
    lastTransform: {fileID: 4189537476823620}
    thresholdAngleDifference: -9.5
    bendingMultiplier: 0.7
    maxAngleDifference: 30
    maxBendingAngle: 65
    responsiveness: 4
  nonAffectedJoints: []
  headLookVector: {x: -1, y: 0, z: 0}
  headUpVector: {x: 0, y: 1, z: 0}
  target: {x: 0, y: 0, z: 0}
  effect: 1
  overrideAnimation: 1
--- !u!114 &114628696406049938
MonoBehaviour:
  m_ObjectHideFlags: 1
  m_PrefabParentObject: {fileID: 0}
  m_PrefabInternal: {fileID: 100100000}
  m_GameObject: {fileID: 1394089025113996}
  m_Enabled: 1
  m_EditorHideFlags: 0
  m_Script: {fileID: 11500000, guid: 87c5945b3d75de74988c5bcd56a69b21, type: 3}
  m_Name: 
  m_EditorClassIdentifier: 
  speed: 10
--- !u!114 &114878075478474352
MonoBehaviour:
  m_ObjectHideFlags: 1
  m_PrefabParentObject: {fileID: 0}
  m_PrefabInternal: {fileID: 100100000}
  m_GameObject: {fileID: 1097037611283578}
  m_Enabled: 1
  m_EditorHideFlags: 0
  m_Script: {fileID: 11500000, guid: ea8bf7f1c2faf0349bf3c62b35ab84f3, type: 3}
  m_Name: 
  m_EditorClassIdentifier: 
  CinematicObject: {fileID: 1394089025113996}
  AvatarObject: {fileID: 114991871578605324}
--- !u!114 &114991871578605324
MonoBehaviour:
  m_ObjectHideFlags: 1
  m_PrefabParentObject: {fileID: 0}
  m_PrefabInternal: {fileID: 100100000}
  m_GameObject: {fileID: 1841566722045936}
  m_Enabled: 1
  m_EditorHideFlags: 0
  m_Script: {fileID: 11500000, guid: e507eeef519897e4d963208c25e927d6, type: 3}
  m_Name: 
  m_EditorClassIdentifier: 
  m_PhonemeList: []
  m_originText: 
  isTalking: 0
  clickToMove: {fileID: 0}
  talkDictionary: {fileID: 0}
  headTransform: {fileID: 4189537476823620}
  animator: {fileID: 95102770848469534}
  skinnedMesh: {fileID: 137118158062124438}
--- !u!137 &137118158062124438
SkinnedMeshRenderer:
  m_ObjectHideFlags: 1
  m_PrefabParentObject: {fileID: 0}
  m_PrefabInternal: {fileID: 100100000}
  m_GameObject: {fileID: 1679923799713342}
  m_Enabled: 1
  m_CastShadows: 1
  m_ReceiveShadows: 1
  m_DynamicOccludee: 1
  m_MotionVectors: 1
  m_LightProbeUsage: 1
  m_ReflectionProbeUsage: 1
  m_Materials:
  - {fileID: 2100000, guid: adc73de3d3f21e14a888e8a45addb50a, type: 2}
  m_StaticBatchInfo:
    firstSubMesh: 0
    subMeshCount: 0
  m_StaticBatchRoot: {fileID: 0}
  m_ProbeAnchor: {fileID: 0}
  m_LightProbeVolumeOverride: {fileID: 0}
  m_ScaleInLightmap: 1
  m_PreserveUVs: 0
  m_IgnoreNormalsForChartDetection: 0
  m_ImportantGI: 0
  m_StitchLightmapSeams: 0
  m_SelectedEditorRenderState: 3
  m_MinimumChartSize: 4
  m_AutoUVMaxDistance: 0.5
  m_AutoUVMaxAngle: 89
  m_LightmapParameters: {fileID: 0}
  m_SortingLayerID: 0
  m_SortingLayer: 0
  m_SortingOrder: 0
  serializedVersion: 2
  m_Quality: 0
  m_UpdateWhenOffscreen: 0
  m_SkinnedMotionVectors: 1
  m_Mesh: {fileID: 4300000, guid: c50f3a0228c4c074caa6682ce7b5c88b, type: 3}
  m_Bones:
  - {fileID: 4660918596716124}
  - {fileID: 4312245055790854}
  - {fileID: 4706804431081010}
  - {fileID: 4264969957231680}
  - {fileID: 4495722409069448}
  - {fileID: 4039574541871912}
  - {fileID: 4631666751468378}
  - {fileID: 4554182967611684}
  - {fileID: 4189537476823620}
  - {fileID: 4538621164996804}
  - {fileID: 4180779089773022}
  - {fileID: 4016159100782334}
  - {fileID: 4026435067270948}
  - {fileID: 4887875240612118}
  - {fileID: 4278609569935486}
  - {fileID: 4616289012670738}
  - {fileID: 4249053495702314}
  - {fileID: 4436842240320626}
  - {fileID: 4581772687228412}
  - {fileID: 4613943431781380}
  - {fileID: 4488960713663960}
  - {fileID: 4367916315457460}
  - {fileID: 4706161367179196}
  - {fileID: 4726151140125666}
  - {fileID: 4881989814151686}
  - {fileID: 4986016915892810}
  m_BlendShapeWeights: []
  m_RootBone: {fileID: 4887875240612118}
  m_AABB:
    m_Center: {x: -0.00820446, y: -0.000043556094, z: 0.14239974}
    m_Extent: {x: 0.15511097, y: 0.46520907, z: 0.37067193}
  m_DirtyAABB: 0
